<TICKER>,<PER>,<DATE>,<TIME>,<LAST>,<VOL>
GAZP,0,20130802,09:59:59,131.000000000,100
GAZP,0,20130802,09:59:59,131.000000000,20
GAZP,0,20130802,09:59:59,131.000000000,100
GAZP,0,20130802,09:59:59,131.000000000,280
GAZP,0,20130802,09:59:59,131.000000000,50
GAZP,0,20130802,09:59:59,131.000000000,150
GAZP,0,20130802,09:59:59,131.000000000,9 520
GAZP,0,20130802,09:59:59,131.000000000,480
GAZP,0,20130802,09:59:59,131.000000000,30
GAZP,0,20130802,09:59:59,131.000000000,300
GAZP,0,20130802,09:59:59,131.000000000,2 500
GAZP,0,20130802,09:59:59,131.000000000,30
GAZP,0,20130802,09:59:59,131.000000000,20
GAZP,0,20130802,09:59:59,131.000000000,20
GAZP,0,20130802,09:59:59,131.000000000,20
GAZP,0,20130802,09:59:59,131.000000000,10
GAZP,0,20130802,09:59:59,131.000000000,50
GAZP,0,20130802,09:59:59,131.000000000,30
GAZP,0,20130802,09:59:59,131.000000000,10
GAZP,0,20130802,09:59:59,131.000000000,500
GAZP,0,20130802,09:59:59,131.000000000,120
GAZP,0,20130802,09:59:59,131.000000000,10
GAZP,0,20130802,09:59:59,131.000000000,670
GAZP,0,20130802,09:59:59,131.000000000,330
GAZP,0,20130802,09:59:59,131.000000000,100
GAZP,0,20130802,09:59:59,131.000000000,70
GAZP,0,20130802,09:59:59,131.000000000,200
GAZP,0,20130802,09:59:59,131.000000000,10
GAZP,0,20130802,09:59:59,131.000000000,10
GAZP,0,20130802,09:59:59,131.000000000,110
GAZP,0,20130802,09:59:59,131.000000000,100
GAZP,0,20130802,09:59:59,131.000000000,290
GAZP,0,20130802,09:59:59,131.000000000,160
GAZP,0,20130802,09:59:59,131.000000000,40
GAZP,0,20130802,09:59:59,131.000000000,10
GAZP,0,20130802,09:59:59,131.000000000,20
GAZP,0,20130802,09:59:59,131.000000000,10
GAZP,0,20130802,09:59:59,131.000000000,200
GAZP,0,20130802,09:59:59,131.000000000,40
GAZP,0,20130802,09:59:59,131.000000000,200
GAZP,0,20130802,09:59:59,131.000000000,10
GAZP,0,20130802,09:59:59,131.000000000,10
GAZP,0,20130802,09:59:59,131.000000000,10
GAZP,0,20130802,09:59:59,131.000000000,10
GAZP,0,20130802,09:59:59,131.000000000,20
GAZP,0,20130802,09:59:59,131.000000000,700
GAZP,0,20130802,09:59:59,131.000000000,10
GAZP,0,20130802,09:59:59,131.000000000,200
GAZP,0,20130802,09:59:59,131.000000000,10
GAZP,0,20130802,09:59:59,131.000000000,10
GAZP,0,20130802,09:59:59,131.000000000,10
GAZP,0,20130802,09:59:59,131.000000000,200
GAZP,0,20130802,09:59:59,131.000000000,10
GAZP,0,20130802,09:59:59,131.000000000,100
GAZP,0,20130802,09:59:59,131.000000000,10
GAZP,0,20130802,09:59:59,131.000000000,10
GAZP,0,20130802,09:59:59,131.000000000,1 000
GAZP,0,20130802,09:59:59,131.000000000,30
GAZP,0,20130802,09:59:59,131.000000000,100
GAZP,0,20130802,09:59:59,131.000000000,30
GAZP,0,20130802,09:59:59,131.000000000,10
GAZP,0,20130802,09:59:59,131.000000000,300
GAZP,0,20130802,09:59:59,131.000000000,600
GAZP,0,20130802,09:59:59,131.000000000,10
GAZP,0,20130802,09:59:59,131.000000000,10
GAZP,0,20130802,09:59:59,131.000000000,6 060
GAZP,0,20130802,09:59:59,131.000000000,2 500
GAZP,0,20130802,09:59:59,131.000000000,200
GAZP,0,20130802,09:59:59,131.000000000,500
GAZP,0,20130802,09:59:59,131.000000000,740
GAZP,0,20130802,09:59:59,131.000000000,260
GAZP,0,20130802,09:59:59,131.000000000,500
GAZP,0,20130802,09:59:59,131.000000000,240
GAZP,0,20130802,09:59:59,131.000000000,1 000
GAZP,0,20130802,09:59:59,131.000000000,540
GAZP,0,20130802,09:59:59,131.000000000,3 220
GAZP,0,20130802,09:59:59,131.000000000,10
GAZP,0,20130802,09:59:59,131.000000000,1 000
GAZP,0,20130802,09:59:59,131.000000000,2 000
GAZP,0,20130802,09:59:59,131.000000000,3 770
GAZP,0,20130802,09:59:59,131.000000000,50
GAZP,0,20130802,09:59:59,131.000000000,100
GAZP,0,20130802,10:00:00,131.020000000,20
GAZP,0,20130802,10:00:00,131.080000000,10
GAZP,0,20130802,10:00:00,131.100000000,190
GAZP,0,20130802,10:00:00,131.100000000,50
GAZP,0,20130802,10:00:00,131.100000000,50
GAZP,0,20130802,10:00:00,131.100000000,100
GAZP,0,20130802,10:00:00,131.100000000,10
GAZP,0,20130802,10:00:00,131.100000000,50
GAZP,0,20130802,10:00:00,131.100000000,100
GAZP,0,20130802,10:00:00,131.100000000,50
GAZP,0,20130802,10:00:00,131.110000000,10
GAZP,0,20130802,10:00:00,131.120000000,20
GAZP,0,20130802,10:00:00,131.130000000,10
GAZP,0,20130802,10:00:00,131.170000000,20
GAZP,0,20130802,10:00:00,131.190000000,20
GAZP,0,20130802,10:00:00,131.200000000,20
GAZP,0,20130802,10:00:00,131.200000000,50
GAZP,0,20130802,10:00:00,131.200000000,360
GAZP,0,20130802,10:00:00,131.200000000,50
GAZP,0,20130802,10:00:00,131.200000000,90
GAZP,0,20130802,10:00:00,131.200000000,820
GAZP,0,20130802,10:00:00,131.200000000,1 180
GAZP,0,20130802,10:00:00,131.200000000,100
GAZP,0,20130802,10:00:00,131.200000000,20
GAZP,0,20130802,10:00:00,131.200000000,60
GAZP,0,20130802,10:00:00,131.200000000,40
GAZP,0,20130802,10:00:01,131.070000000,20
GAZP,0,20130802,10:00:01,131.080000000,1 500
GAZP,0,20130802,10:00:01,131.070000000,10
GAZP,0,20130802,10:00:01,131.070000000,90
GAZP,0,20130802,10:00:01,131.020000000,70
GAZP,0,20130802,10:00:01,131.080000000,360
GAZP,0,20130802,10:00:01,131.020000000,910
GAZP,0,20130802,10:00:01,131.010000000,590
GAZP,0,20130802,10:00:01,131.080000000,50
GAZP,0,20130802,10:00:01,131.010000000,190
GAZP,0,20130802,10:00:01,131.080000000,20
GAZP,0,20130802,10:00:01,131.010000000,10
GAZP,0,20130802,10:00:01,131.080000000,500
GAZP,0,20130802,10:00:01,131.030000000,10
GAZP,0,20130802,10:00:01,131.040000000,70
GAZP,0,20130802,10:00:01,131.020000000,20
GAZP,0,20130802,10:00:01,131.020000000,230
GAZP,0,20130802,10:00:01,131.020000000,20
GAZP,0,20130802,10:00:01,131.020000000,20
GAZP,0,20130802,10:00:02,131.020000000,20
GAZP,0,20130802,10:00:02,131.020000000,10
GAZP,0,20130802,10:00:02,131.020000000,490
GAZP,0,20130802,10:00:02,131.060000000,200
GAZP,0,20130802,10:00:02,131.020000000,200
GAZP,0,20130802,10:00:02,131.010000000,150
GAZP,0,20130802,10:00:02,131.060000000,300
GAZP,0,20130802,10:00:02,131.080000000,2 000
GAZP,0,20130802,10:00:02,131.080000000,500
GAZP,0,20130802,10:00:02,131.080000000,170
GAZP,0,20130802,10:00:02,131.080000000,30
GAZP,0,20130802,10:00:02,131.130000000,30
GAZP,0,20130802,10:00:02,131.130000000,30
GAZP,0,20130802,10:00:02,131.130000000,30
GAZP,0,20130802,10:00:02,131.130000000,30
GAZP,0,20130802,10:00:02,131.130000000,30
GAZP,0,20130802,10:00:02,131.130000000,30
GAZP,0,20130802,10:00:02,131.200000000,30
GAZP,0,20130802,10:00:02,131.200000000,700
GAZP,0,20130802,10:00:02,131.210000000,10
GAZP,0,20130802,10:00:02,131.210000000,10
GAZP,0,20130802,10:00:02,131.210000000,10
GAZP,0,20130802,10:00:02,131.210000000,10
GAZP,0,20130802,10:00:02,131.210000000,10
GAZP,0,20130802,10:00:02,131.210000000,10
GAZP,0,20130802,10:00:02,131.210000000,190
GAZP,0,20130802,10:00:02,131.210000000,2 020
GAZP,0,20130802,10:00:02,131.200000000,150
GAZP,0,20130802,10:00:02,131.210000000,2 590
GAZP,0,20130802,10:00:02,131.210000000,2 260
GAZP,0,20130802,10:00:02,131.220000000,20
GAZP,0,20130802,10:00:02,131.230000000,10
GAZP,0,20130802,10:00:02,131.240000000,1 970
GAZP,0,20130802,10:00:02,131.250000000,10
GAZP,0,20130802,10:00:02,131.250000000,100
GAZP,0,20130802,10:00:02,131.250000000,2 390
GAZP,0,20130802,10:00:02,131.150000000,300
GAZP,0,20130802,10:00:02,131.170000000,500
GAZP,0,20130802,10:00:02,131.170000000,20
GAZP,0,20130802,10:00:02,131.170000000,20
GAZP,0,20130802,10:00:02,131.170000000,60
GAZP,0,20130802,10:00:02,131.160000000,940
GAZP,0,20130802,10:00:02,131.160000000,20
GAZP,0,20130802,10:00:02,131.160000000,500
GAZP,0,20130802,10:00:02,131.160000000,1 000
GAZP,0,20130802,10:00:02,131.240000000,2 460
GAZP,0,20130802,10:00:02,131.240000000,300
GAZP,0,20130802,10:00:02,131.240000000,500
GAZP,0,20130802,10:00:02,131.240000000,500
GAZP,0,20130802,10:00:02,131.240000000,600
GAZP,0,20130802,10:00:02,131.250000000,640
GAZP,0,20130802,10:00:03,131.150000000,100
GAZP,0,20130802,10:00:03,131.160000000,20
GAZP,0,20130802,10:00:03,131.160000000,10
GAZP,0,20130802,10:00:03,131.240000000,50
GAZP,0,20130802,10:00:03,131.170000000,20
GAZP,0,20130802,10:00:03,131.240000000,1 000
GAZP,0,20130802,10:00:03,131.250000000,1 000
GAZP,0,20130802,10:00:03,131.250000000,1 500
GAZP,0,20130802,10:00:03,131.170000000,20
GAZP,0,20130802,10:00:03,131.180000000,480
GAZP,0,20130802,10:00:03,131.170000000,300
GAZP,0,20130802,10:00:03,131.170000000,10
GAZP,0,20130802,10:00:03,131.170000000,160
GAZP,0,20130802,10:00:04,131.250000000,600
GAZP,0,20130802,10:00:04,131.170000000,20
GAZP,0,20130802,10:00:04,131.250000000,5 000
GAZP,0,20130802,10:00:04,131.180000000,10
GAZP,0,20130802,10:00:04,131.180000000,10
GAZP,0,20130802,10:00:04,131.170000000,300
GAZP,0,20130802,10:00:04,131.160000000,290
GAZP,0,20130802,10:00:04,131.170000000,50
GAZP,0,20130802,10:00:04,131.160000000,450
GAZP,0,20130802,10:00:04,131.160000000,20
GAZP,0,20130802,10:00:05,131.220000000,10
GAZP,0,20130802,10:00:05,131.220000000,10
GAZP,0,20130802,10:00:05,131.230000000,600
GAZP,0,20130802,10:00:05,131.250000000,890
GAZP,0,20130802,10:00:06,131.250000000,50
GAZP,0,20130802,10:00:06,131.240000000,500
GAZP,0,20130802,10:00:06,131.250000000,7 930
GAZP,0,20130802,10:00:06,131.250000000,10
GAZP,0,20130802,10:00:06,131.250000000,10
GAZP,0,20130802,10:00:06,131.250000000,150
GAZP,0,20130802,10:00:06,131.260000000,10
GAZP,0,20130802,10:00:06,131.260000000,670
GAZP,0,20130802,10:00:07,131.260000000,30
GAZP,0,20130802,10:00:07,131.270000000,10
GAZP,0,20130802,10:00:07,131.270000000,40
GAZP,0,20130802,10:00:07,131.280000000,1 000
GAZP,0,20130802,10:00:07,131.230000000,100
GAZP,0,20130802,10:00:08,131.230000000,200
GAZP,0,20130802,10:00:08,131.280000000,50
GAZP,0,20130802,10:00:08,131.280000000,1 190
GAZP,0,20130802,10:00:08,131.290000000,300
GAZP,0,20130802,10:00:08,131.290000000,10
GAZP,0,20130802,10:00:08,131.300000000,50
GAZP,0,20130802,10:00:08,131.300000000,20
GAZP,0,20130802,10:00:08,131.300000000,100
GAZP,0,20130802,10:00:08,131.310000000,10
GAZP,0,20130802,10:00:08,131.310000000,10
GAZP,0,20130802,10:00:08,131.320000000,20
GAZP,0,20130802,10:00:08,131.320000000,600
GAZP,0,20130802,10:00:08,131.330000000,10
GAZP,0,20130802,10:00:08,131.330000000,10
GAZP,0,20130802,10:00:08,131.330000000,200
GAZP,0,20130802,10:00:08,131.330000000,100
GAZP,0,20130802,10:00:08,131.340000000,20
GAZP,0,20130802,10:00:08,131.350000000,1 000
GAZP,0,20130802,10:00:08,131.350000000,20
GAZP,0,20130802,10:00:08,131.360000000,10
GAZP,0,20130802,10:00:08,131.360000000,150
GAZP,0,20130802,10:00:08,131.330000000,60
GAZP,0,20130802,10:00:09,131.320000000,900
GAZP,0,20130802,10:00:09,131.320000000,100
GAZP,0,20130802,10:00:09,131.320000000,200
GAZP,0,20130802,10:00:09,131.330000000,1 200
GAZP,0,20130802,10:00:09,131.340000000,1 600
GAZP,0,20130802,10:00:09,131.360000000,250
GAZP,0,20130802,10:00:09,131.360000000,1 600
GAZP,0,20130802,10:00:09,131.360000000,400
GAZP,0,20130802,10:00:09,131.360000000,1 000
GAZP,0,20130802,10:00:09,131.360000000,500
GAZP,0,20130802,10:00:09,131.360000000,100
GAZP,0,20130802,10:00:09,131.370000000,500
GAZP,0,20130802,10:00:09,131.370000000,500
GAZP,0,20130802,10:00:09,131.360000000,100
GAZP,0,20130802,10:00:09,131.370000000,4 000
GAZP,0,20130802,10:00:09,131.390000000,400
GAZP,0,20130802,10:00:09,131.390000000,200
GAZP,0,20130802,10:00:09,131.390000000,20
GAZP,0,20130802,10:00:09,131.400000000,780
GAZP,0,20130802,10:00:10,131.360000000,10
GAZP,0,20130802,10:00:10,131.360000000,100
GAZP,0,20130802,10:00:10,131.360000000,500
GAZP,0,20130802,10:00:10,131.360000000,100
GAZP,0,20130802,10:00:10,131.370000000,100
GAZP,0,20130802,10:00:11,131.360000000,200
GAZP,0,20130802,10:00:11,131.360000000,700
GAZP,0,20130802,10:00:11,131.360000000,500
GAZP,0,20130802,10:00:11,131.370000000,1 300
GAZP,0,20130802,10:00:11,131.360000000,300
GAZP,0,20130802,10:00:11,131.360000000,500
GAZP,0,20130802,10:00:11,131.360000000,300
GAZP,0,20130802,10:00:11,131.360000000,200
GAZP,0,20130802,10:00:13,131.360000000,10
GAZP,0,20130802,10:00:14,131.370000000,100
GAZP,0,20130802,10:00:14,131.360000000,10
GAZP,0,20130802,10:00:14,131.360000000,120
GAZP,0,20130802,10:00:14,131.340000000,50
GAZP,0,20130802,10:00:14,131.340000000,30
GAZP,0,20130802,10:00:14,131.330000000,200
GAZP,0,20130802,10:00:15,131.340000000,60
GAZP,0,20130802,10:00:15,131.330000000,140
GAZP,0,20130802,10:00:15,131.380000000,20
GAZP,0,20130802,10:00:15,131.380000000,600
GAZP,0,20130802,10:00:15,131.390000000,80
GAZP,0,20130802,10:00:15,131.330000000,20
GAZP,0,20130802,10:00:15,131.320000000,670
GAZP,0,20130802,10:00:15,131.390000000,20
GAZP,0,20130802,10:00:15,131.400000000,180
GAZP,0,20130802,10:00:16,131.330000000,10
GAZP,0,20130802,10:00:16,131.330000000,50
GAZP,0,20130802,10:00:17,131.360000000,10
GAZP,0,20130802,10:00:17,131.360000000,190
GAZP,0,20130802,10:00:17,131.320000000,210
GAZP,0,20130802,10:00:17,131.380000000,30
GAZP,0,20130802,10:00:17,131.380000000,10
GAZP,0,20130802,10:00:17,131.320000000,200
GAZP,0,20130802,10:00:17,131.320000000,10
GAZP,0,20130802,10:00:17,131.380000000,20
GAZP,0,20130802,10:00:17,131.380000000,30
GAZP,0,20130802,10:00:17,131.380000000,30
GAZP,0,20130802,10:00:17,131.380000000,20
GAZP,0,20130802,10:00:17,131.380000000,20
GAZP,0,20130802,10:00:17,131.380000000,130
GAZP,0,20130802,10:00:17,131.390000000,200
GAZP,0,20130802,10:00:18,131.390000000,100
GAZP,0,20130802,10:00:18,131.390000000,10
GAZP,0,20130802,10:00:19,131.400000000,230
GAZP,0,20130802,10:00:19,131.390000000,20
GAZP,0,20130802,10:00:19,131.390000000,500
GAZP,0,20130802,10:00:19,131.390000000,20
GAZP,0,20130802,10:00:19,131.390000000,10
GAZP,0,20130802,10:00:19,131.390000000,20
GAZP,0,20130802,10:00:19,131.390000000,340
GAZP,0,20130802,10:00:20,131.390000000,20
GAZP,0,20130802,10:00:20,131.390000000,10
GAZP,0,20130802,10:00:20,131.390000000,20
GAZP,0,20130802,10:00:20,131.390000000,20
GAZP,0,20130802,10:00:20,131.400000000,200
GAZP,0,20130802,10:00:20,131.390000000,20
GAZP,0,20130802,10:00:20,131.390000000,750
GAZP,0,20130802,10:00:20,131.390000000,20
GAZP,0,20130802,10:00:20,131.390000000,40
GAZP,0,20130802,10:00:21,131.390000000,20
GAZP,0,20130802,10:00:21,131.390000000,20
GAZP,0,20130802,10:00:21,131.390000000,40
GAZP,0,20130802,10:00:21,131.390000000,2 500
GAZP,0,20130802,10:00:21,131.390000000,10
GAZP,0,20130802,10:00:21,131.390000000,20
GAZP,0,20130802,10:00:21,131.390000000,20
GAZP,0,20130802,10:00:21,131.390000000,20
GAZP,0,20130802,10:00:21,131.390000000,20
GAZP,0,20130802,10:00:22,131.400000000,300
GAZP,0,20130802,10:00:22,131.400000000,310
GAZP,0,20130802,10:00:22,131.400000000,500
GAZP,0,20130802,10:00:22,131.400000000,30
GAZP,0,20130802,10:00:22,131.400000000,100
GAZP,0,20130802,10:00:22,131.400000000,260
GAZP,0,20130802,10:00:22,131.390000000,10
GAZP,0,20130802,10:00:22,131.400000000,300
GAZP,0,20130802,10:00:22,131.390000000,10
GAZP,0,20130802,10:00:22,131.390000000,940
GAZP,0,20130802,10:00:22,131.390000000,400
GAZP,0,20130802,10:00:22,131.390000000,600
GAZP,0,20130802,10:00:22,131.390000000,300
GAZP,0,20130802,10:00:22,131.390000000,2 000
GAZP,0,20130802,10:00:22,131.390000000,400
GAZP,0,20130802,10:00:22,131.390000000,1 000
GAZP,0,20130802,10:00:22,131.390000000,500
GAZP,0,20130802,10:00:22,131.390000000,500
GAZP,0,20130802,10:00:22,131.390000000,300
GAZP,0,20130802,10:00:22,131.390000000,600
GAZP,0,20130802,10:00:22,131.390000000,460
GAZP,0,20130802,10:00:23,131.400000000,1 440
GAZP,0,20130802,10:00:23,131.400000000,10
GAZP,0,20130802,10:00:23,131.400000000,6 000
GAZP,0,20130802,10:00:23,131.400000000,10
GAZP,0,20130802,10:00:23,131.400000000,10
GAZP,0,20130802,10:00:23,131.400000000,50
GAZP,0,20130802,10:00:25,131.410000000,100
GAZP,0,20130802,10:00:25,131.420000000,20
GAZP,0,20130802,10:00:25,131.420000000,10
GAZP,0,20130802,10:00:25,131.420000000,500
GAZP,0,20130802,10:00:25,131.430000000,10
GAZP,0,20130802,10:00:25,131.430000000,10
GAZP,0,20130802,10:00:25,131.450000000,20
GAZP,0,20130802,10:00:25,131.450000000,30
GAZP,0,20130802,10:00:25,131.450000000,10
GAZP,0,20130802,10:00:25,131.460000000,20
GAZP,0,20130802,10:00:25,131.460000000,530
GAZP,0,20130802,10:00:25,131.470000000,20
GAZP,0,20130802,10:00:25,131.460000000,10
GAZP,0,20130802,10:00:25,131.440000000,10
GAZP,0,20130802,10:00:25,131.440000000,10
GAZP,0,20130802,10:00:25,131.470000000,10
GAZP,0,20130802,10:00:25,131.480000000,30
GAZP,0,20130802,10:00:25,131.480000000,20
GAZP,0,20130802,10:00:25,131.480000000,290
GAZP,0,20130802,10:00:25,131.470000000,20
GAZP,0,20130802,10:00:25,131.480000000,1 210
GAZP,0,20130802,10:00:25,131.480000000,10
GAZP,0,20130802,10:00:25,131.490000000,1 680
GAZP,0,20130802,10:00:25,131.490000000,60
GAZP,0,20130802,10:00:25,131.490000000,260
GAZP,0,20130802,10:00:25,131.490000000,500
GAZP,0,20130802,10:00:25,131.490000000,30
GAZP,0,20130802,10:00:25,131.490000000,600
GAZP,0,20130802,10:00:25,131.490000000,10
GAZP,0,20130802,10:00:25,131.490000000,350
GAZP,0,20130802,10:00:25,131.500000000,1 000
GAZP,0,20130802,10:00:25,131.500000000,1 000
GAZP,0,20130802,10:00:25,131.500000000,30
GAZP,0,20130802,10:00:25,131.500000000,20
GAZP,0,20130802,10:00:25,131.500000000,1 000
GAZP,0,20130802,10:00:25,131.500000000,100
GAZP,0,20130802,10:00:25,131.500000000,200
GAZP,0,20130802,10:00:25,131.500000000,10
GAZP,0,20130802,10:00:25,131.500000000,10
GAZP,0,20130802,10:00:25,131.500000000,6 000
GAZP,0,20130802,10:00:25,131.500000000,3 000
GAZP,0,20130802,10:00:25,131.500000000,1 540
GAZP,0,20130802,10:00:25,131.510000000,2 250
GAZP,0,20130802,10:00:25,131.520000000,20
GAZP,0,20130802,10:00:25,131.520000000,10
GAZP,0,20130802,10:00:25,131.520000000,10
GAZP,0,20130802,10:00:25,131.520000000,100
GAZP,0,20130802,10:00:25,131.530000000,90
GAZP,0,20130802,10:00:25,131.530000000,4 150
GAZP,0,20130802,10:00:25,131.530000000,100
GAZP,0,20130802,10:00:25,131.540000000,10
GAZP,0,20130802,10:00:25,131.540000000,290
GAZP,0,20130802,10:00:25,131.510000000,1 400
GAZP,0,20130802,10:00:25,131.510000000,400
GAZP,0,20130802,10:00:25,131.510000000,1 000
GAZP,0,20130802,10:00:25,131.510000000,19 200
GAZP,0,20130802,10:00:25,131.470000000,350
GAZP,0,20130802,10:00:25,131.470000000,450
GAZP,0,20130802,10:00:25,131.540000000,150
GAZP,0,20130802,10:00:25,131.480000000,10
GAZP,0,20130802,10:00:25,131.540000000,60
GAZP,0,20130802,10:00:25,131.550000000,10
GAZP,0,20130802,10:00:25,131.570000000,20
GAZP,0,20130802,10:00:25,131.570000000,690
GAZP,0,20130802,10:00:25,131.570000000,80
GAZP,0,20130802,10:00:25,131.570000000,20
GAZP,0,20130802,10:00:25,131.500000000,770
GAZP,0,20130802,10:00:25,131.570000000,290
GAZP,0,20130802,10:00:25,131.580000000,3 940
GAZP,0,20130802,10:00:25,131.570000000,50
GAZP,0,20130802,10:00:26,131.500000000,80
GAZP,0,20130802,10:00:26,131.510000000,70
GAZP,0,20130802,10:00:26,131.550000000,50
GAZP,0,20130802,10:00:26,131.500000000,500
GAZP,0,20130802,10:00:26,131.500000000,50
GAZP,0,20130802,10:00:26,131.500000000,200
GAZP,0,20130802,10:00:26,131.500000000,210
GAZP,0,20130802,10:00:26,131.540000000,10
GAZP,0,20130802,10:00:26,131.500000000,20
GAZP,0,20130802,10:00:26,131.530000000,40
GAZP,0,20130802,10:00:26,131.530000000,260
GAZP,0,20130802,10:00:26,131.540000000,590
GAZP,0,20130802,10:00:26,131.540000000,1 000
GAZP,0,20130802,10:00:26,131.540000000,600
GAZP,0,20130802,10:00:26,131.550000000,2 550
GAZP,0,20130802,10:00:26,131.520000000,10
GAZP,0,20130802,10:00:26,131.560000000,60
GAZP,0,20130802,10:00:26,131.560000000,50
GAZP,0,20130802,10:00:26,131.580000000,280
GAZP,0,20130802,10:00:26,131.580000000,50
GAZP,0,20130802,10:00:26,131.500000000,150
GAZP,0,20130802,10:00:26,131.580000000,440
GAZP,0,20130802,10:00:26,131.590000000,30
GAZP,0,20130802,10:00:26,131.590000000,910
GAZP,0,20130802,10:00:26,131.600000000,120
GAZP,0,20130802,10:00:26,131.530000000,2 000
GAZP,0,20130802,10:00:26,131.600000000,3 500
GAZP,0,20130802,10:00:26,131.600000000,10
GAZP,0,20130802,10:00:26,131.600000000,120
GAZP,0,20130802,10:00:26,131.530000000,20
GAZP,0,20130802,10:00:26,131.530000000,50
GAZP,0,20130802,10:00:26,131.530000000,100
GAZP,0,20130802,10:00:26,131.510000000,20
GAZP,0,20130802,10:00:27,131.530000000,100
GAZP,0,20130802,10:00:27,131.530000000,30
GAZP,0,20130802,10:00:27,131.530000000,350
GAZP,0,20130802,10:00:27,131.520000000,1 200
GAZP,0,20130802,10:00:27,131.530000000,650
GAZP,0,20130802,10:00:27,131.530000000,490
GAZP,0,20130802,10:00:27,131.510000000,10
GAZP,0,20130802,10:00:27,131.510000000,20
GAZP,0,20130802,10:00:28,131.510000000,250
GAZP,0,20130802,10:00:29,131.500000000,20
GAZP,0,20130802,10:00:29,131.500000000,500
GAZP,0,20130802,10:00:29,131.500000000,480
GAZP,0,20130802,10:00:29,131.500000000,860
GAZP,0,20130802,10:00:29,131.500000000,1 160
GAZP,0,20130802,10:00:29,131.500000000,20
GAZP,0,20130802,10:00:29,131.500000000,20
GAZP,0,20130802,10:00:29,131.500000000,20
GAZP,0,20130802,10:00:29,131.530000000,1 510
GAZP,0,20130802,10:00:29,131.530000000,600
GAZP,0,20130802,10:00:29,131.530000000,1 000
GAZP,0,20130802,10:00:29,131.550000000,1 420
GAZP,0,20130802,10:00:29,131.510000000,20
GAZP,0,20130802,10:00:29,131.500000000,280
GAZP,0,20130802,10:00:29,131.490000000,10
GAZP,0,20130802,10:00:29,131.470000000,50
GAZP,0,20130802,10:00:29,131.460000000,660
GAZP,0,20130802,10:00:29,131.540000000,400
GAZP,0,20130802,10:00:30,131.500000000,10
GAZP,0,20130802,10:00:30,131.560000000,20
GAZP,0,20130802,10:00:30,131.560000000,20
GAZP,0,20130802,10:00:30,131.570000000,60
GAZP,0,20130802,10:00:30,131.570000000,50
GAZP,0,20130802,10:00:30,131.570000000,20
GAZP,0,20130802,10:00:30,131.570000000,20
GAZP,0,20130802,10:00:31,131.510000000,20
GAZP,0,20130802,10:00:31,131.510000000,20
GAZP,0,20130802,10:00:31,131.510000000,20
GAZP,0,20130802,10:00:31,131.510000000,20
GAZP,0,20130802,10:00:31,131.510000000,20
GAZP,0,20130802,10:00:31,131.510000000,20
GAZP,0,20130802,10:00:31,131.510000000,20
GAZP,0,20130802,10:00:31,131.510000000,20
GAZP,0,20130802,10:00:32,131.510000000,20
GAZP,0,20130802,10:00:32,131.530000000,300
GAZP,0,20130802,10:00:32,131.510000000,220
GAZP,0,20130802,10:00:32,131.500000000,180
GAZP,0,20130802,10:00:33,131.500000000,300
GAZP,0,20130802,10:00:33,131.500000000,1 000
GAZP,0,20130802,10:00:33,131.500000000,500
GAZP,0,20130802,10:00:33,131.500000000,300
GAZP,0,20130802,10:00:33,131.500000000,220
GAZP,0,20130802,10:00:33,131.490000000,500
GAZP,0,20130802,10:00:33,131.500000000,150
GAZP,0,20130802,10:00:33,131.500000000,130
GAZP,0,20130802,10:00:33,131.540000000,150
GAZP,0,20130802,10:00:33,131.490000000,40
GAZP,0,20130802,10:00:33,131.490000000,20
GAZP,0,20130802,10:00:33,131.490000000,20
GAZP,0,20130802,10:00:33,131.490000000,20
GAZP,0,20130802,10:00:33,131.490000000,40
GAZP,0,20130802,10:00:33,131.490000000,20
GAZP,0,20130802,10:00:34,131.490000000,20
GAZP,0,20130802,10:00:34,131.530000000,250
GAZP,0,20130802,10:00:34,131.490000000,100
GAZP,0,20130802,10:00:35,131.490000000,3 220
GAZP,0,20130802,10:00:35,131.480000000,150
GAZP,0,20130802,10:00:35,131.490000000,200
GAZP,0,20130802,10:00:36,131.450000000,480
GAZP,0,20130802,10:00:37,131.450000000,20
GAZP,0,20130802,10:00:37,131.450000000,20
GAZP,0,20130802,10:00:37,131.450000000,20
GAZP,0,20130802,10:00:37,131.450000000,20
GAZP,0,20130802,10:00:37,131.450000000,40
GAZP,0,20130802,10:00:37,131.450000000,40
GAZP,0,20130802,10:00:37,131.450000000,20
GAZP,0,20130802,10:00:37,131.450000000,20
GAZP,0,20130802,10:00:37,131.450000000,20
GAZP,0,20130802,10:00:37,131.450000000,40
GAZP,0,20130802,10:00:38,131.450000000,40
GAZP,0,20130802,10:00:38,131.450000000,40
GAZP,0,20130802,10:00:38,131.450000000,40
GAZP,0,20130802,10:00:38,131.450000000,20
GAZP,0,20130802,10:00:38,131.450000000,20
GAZP,0,20130802,10:00:38,131.450000000,20
GAZP,0,20130802,10:00:38,131.450000000,40
GAZP,0,20130802,10:00:38,131.450000000,20
GAZP,0,20130802,10:00:38,131.450000000,20
GAZP,0,20130802,10:00:39,131.470000000,20
GAZP,0,20130802,10:00:39,131.470000000,80
GAZP,0,20130802,10:00:39,131.450000000,10
GAZP,0,20130802,10:00:39,131.470000000,920
GAZP,0,20130802,10:00:39,131.470000000,20
GAZP,0,20130802,10:00:39,131.480000000,20
GAZP,0,20130802,10:00:39,131.490000000,40
GAZP,0,20130802,10:00:39,131.450000000,1 300
GAZP,0,20130802,10:00:39,131.480000000,20
GAZP,0,20130802,10:00:39,131.480000000,20
GAZP,0,20130802,10:00:39,131.490000000,40
GAZP,0,20130802,10:00:39,131.490000000,220
GAZP,0,20130802,10:00:40,131.490000000,280
GAZP,0,20130802,10:00:40,131.490000000,300
GAZP,0,20130802,10:00:40,131.490000000,140
GAZP,0,20130802,10:00:40,131.490000000,20
GAZP,0,20130802,10:00:40,131.490000000,20
GAZP,0,20130802,10:00:40,131.490000000,20
GAZP,0,20130802,10:00:40,131.490000000,20
GAZP,0,20130802,10:00:40,131.490000000,20
GAZP,0,20130802,10:00:40,131.490000000,20
GAZP,0,20130802,10:00:40,131.500000000,10 000
GAZP,0,20130802,10:00:40,131.500000000,5 000
GAZP,0,20130802,10:00:40,131.500000000,10
GAZP,0,20130802,10:00:40,131.500000000,1 750
GAZP,0,20130802,10:00:40,131.500000000,1 000
GAZP,0,20130802,10:00:40,131.500000000,20
GAZP,0,20130802,10:00:40,131.500000000,20
GAZP,0,20130802,10:00:40,131.500000000,20
GAZP,0,20130802,10:00:40,131.500000000,20
GAZP,0,20130802,10:00:41,131.500000000,50
GAZP,0,20130802,10:00:41,131.500000000,3 000
GAZP,0,20130802,10:00:42,131.500000000,300
GAZP,0,20130802,10:00:42,131.500000000,300
GAZP,0,20130802,10:00:42,131.550000000,500
GAZP,0,20130802,10:00:42,131.500000000,500
GAZP,0,20130802,10:00:43,131.500000000,1 060
GAZP,0,20130802,10:00:43,131.500000000,1 000
GAZP,0,20130802,10:00:44,131.550000000,100
GAZP,0,20130802,10:00:44,131.550000000,900
GAZP,0,20130802,10:00:46,131.550000000,100
GAZP,0,20130802,10:00:46,131.550000000,900
GAZP,0,20130802,10:00:46,131.500000000,1 000
GAZP,0,20130802,10:00:47,131.550000000,10
GAZP,0,20130802,10:00:47,131.500000000,600
GAZP,0,20130802,10:00:47,131.500000000,6 000
GAZP,0,20130802,10:00:47,131.500000000,20
GAZP,0,20130802,10:00:48,131.500000000,500
GAZP,0,20130802,10:00:48,131.510000000,10
GAZP,0,20130802,10:00:48,131.510000000,1 190
GAZP,0,20130802,10:00:48,131.500000000,1 570
GAZP,0,20130802,10:00:50,131.500000000,20
GAZP,0,20130802,10:00:50,131.500000000,2 950
GAZP,0,20130802,10:00:50,131.500000000,20
GAZP,0,20130802,10:00:50,131.500000000,30
GAZP,0,20130802,10:00:50,131.500000000,300
GAZP,0,20130802,10:00:51,131.550000000,600
GAZP,0,20130802,10:00:52,131.580000000,20
GAZP,0,20130802,10:00:52,131.590000000,170
GAZP,0,20130802,10:00:52,131.600000000,50
GAZP,0,20130802,10:00:52,131.600000000,30
GAZP,0,20130802,10:00:52,131.600000000,320
GAZP,0,20130802,10:00:52,131.600000000,100
GAZP,0,20130802,10:00:52,131.600000000,250
GAZP,0,20130802,10:00:52,131.600000000,10
GAZP,0,20130802,10:00:52,131.600000000,440
GAZP,0,20130802,10:00:52,131.600000000,10
GAZP,0,20130802,10:00:52,131.600000000,600
GAZP,0,20130802,10:00:52,131.600000000,450
GAZP,0,20130802,10:00:52,131.560000000,500
GAZP,0,20130802,10:00:52,131.560000000,500
GAZP,0,20130802,10:00:52,131.610000000,10
GAZP,0,20130802,10:00:52,131.610000000,10
GAZP,0,20130802,10:00:52,131.590000000,500
GAZP,0,20130802,10:00:52,131.590000000,10
GAZP,0,20130802,10:00:53,131.620000000,20
GAZP,0,20130802,10:00:53,131.620000000,1 000
GAZP,0,20130802,10:00:53,131.630000000,5 000
GAZP,0,20130802,10:00:53,131.570000000,10
GAZP,0,20130802,10:00:53,131.640000000,770
GAZP,0,20130802,10:00:53,131.640000000,770
GAZP,0,20130802,10:00:53,131.650000000,20
GAZP,0,20130802,10:00:53,131.650000000,30
GAZP,0,20130802,10:00:53,131.650000000,250
GAZP,0,20130802,10:00:53,131.650000000,100
GAZP,0,20130802,10:00:53,131.650000000,20
GAZP,0,20130802,10:00:53,131.650000000,20
GAZP,0,20130802,10:00:53,131.670000000,20
GAZP,0,20130802,10:00:53,131.680000000,20
GAZP,0,20130802,10:00:53,131.680000000,10
GAZP,0,20130802,10:00:53,131.680000000,250
GAZP,0,20130802,10:00:53,131.650000000,20
GAZP,0,20130802,10:00:53,131.650000000,20
GAZP,0,20130802,10:00:53,131.650000000,40
GAZP,0,20130802,10:00:53,131.650000000,20
GAZP,0,20130802,10:00:53,131.650000000,20
GAZP,0,20130802,10:00:53,131.650000000,100
GAZP,0,20130802,10:00:54,131.650000000,20
GAZP,0,20130802,10:00:54,131.650000000,20
GAZP,0,20130802,10:00:54,131.670000000,70
GAZP,0,20130802,10:00:54,131.650000000,20
GAZP,0,20130802,10:00:54,131.650000000,20
GAZP,0,20130802,10:00:54,131.650000000,20
GAZP,0,20130802,10:00:54,131.650000000,20
GAZP,0,20130802,10:00:54,131.650000000,40
GAZP,0,20130802,10:00:54,131.650000000,40
GAZP,0,20130802,10:00:54,131.650000000,100
GAZP,0,20130802,10:00:54,131.630000000,1 000
GAZP,0,20130802,10:00:54,131.630000000,100
GAZP,0,20130802,10:00:54,131.550000000,8 860
GAZP,0,20130802,10:00:54,131.550000000,6 980
GAZP,0,20130802,10:00:54,131.550000000,490
GAZP,0,20130802,10:00:54,131.530000000,5 600
GAZP,0,20130802,10:00:54,131.530000000,600
GAZP,0,20130802,10:00:54,131.530000000,700
GAZP,0,20130802,10:00:54,131.520000000,700
GAZP,0,20130802,10:00:54,131.520000000,7 400
GAZP,0,20130802,10:00:54,131.510000000,2 500
GAZP,0,20130802,10:00:54,131.500000000,12 100
GAZP,0,20130802,10:00:54,131.500000000,500
GAZP,0,20130802,10:00:54,131.500000000,910
GAZP,0,20130802,10:00:54,131.490000000,20
GAZP,0,20130802,10:00:54,131.500000000,2 000
GAZP,0,20130802,10:00:54,131.490000000,20
GAZP,0,20130802,10:00:54,131.490000000,200
GAZP,0,20130802,10:00:54,131.490000000,60
GAZP,0,20130802,10:00:54,131.490000000,350
GAZP,0,20130802,10:00:54,131.480000000,90
GAZP,0,20130802,10:00:54,131.480000000,1 300
GAZP,0,20130802,10:00:54,131.480000000,700
GAZP,0,20130802,10:00:54,131.480000000,40
GAZP,0,20130802,10:00:54,131.480000000,20
GAZP,0,20130802,10:00:54,131.480000000,200
GAZP,0,20130802,10:00:55,131.480000000,150
GAZP,0,20130802,10:00:55,131.480000000,50
GAZP,0,20130802,10:00:55,131.490000000,350
GAZP,0,20130802,10:00:55,131.450000000,10
GAZP,0,20130802,10:00:55,131.450000000,10
GAZP,0,20130802,10:00:55,131.450000000,10
GAZP,0,20130802,10:00:55,131.450000000,10
GAZP,0,20130802,10:00:55,131.490000000,460
GAZP,0,20130802,10:00:55,131.450000000,300
GAZP,0,20130802,10:00:57,131.450000000,100
GAZP,0,20130802,10:00:57,131.450000000,90
GAZP,0,20130802,10:00:58,131.470000000,40
GAZP,0,20130802,10:00:58,131.470000000,30
GAZP,0,20130802,10:00:58,131.470000000,10
GAZP,0,20130802,10:00:58,131.470000000,10
GAZP,0,20130802,10:00:58,131.470000000,10
GAZP,0,20130802,10:00:58,131.470000000,20
GAZP,0,20130802,10:00:58,131.470000000,70
GAZP,0,20130802,10:00:59,131.460000000,150
GAZP,0,20130802,10:01:00,131.450000000,2 500
GAZP,0,20130802,10:01:01,131.450000000,40
GAZP,0,20130802,10:01:01,131.460000000,20
GAZP,0,20130802,10:01:02,131.460000000,130
GAZP,0,20130802,10:01:02,131.460000000,10
GAZP,0,20130802,10:01:02,131.480000000,400
GAZP,0,20130802,10:01:02,131.490000000,120
GAZP,0,20130802,10:01:02,131.490000000,1 000
GAZP,0,20130802,10:01:02,131.490000000,840
GAZP,0,20130802,10:01:02,131.450000000,10
GAZP,0,20130802,10:01:02,131.450000000,610
GAZP,0,20130802,10:01:02,131.450000000,1 800
GAZP,0,20130802,10:01:02,131.450000000,10
GAZP,0,20130802,10:01:02,131.450000000,10
GAZP,0,20130802,10:01:02,131.440000000,50
GAZP,0,20130802,10:01:02,131.440000000,20
GAZP,0,20130802,10:01:03,131.440000000,380
GAZP,0,20130802,10:01:04,131.440000000,10
GAZP,0,20130802,10:01:05,131.440000000,1 000
GAZP,0,20130802,10:01:05,131.450000000,1 000
GAZP,0,20130802,10:01:06,131.440000000,500
GAZP,0,20130802,10:01:07,131.440000000,3 090
GAZP,0,20130802,10:01:09,131.430000000,500
GAZP,0,20130802,10:01:09,131.430000000,100
GAZP,0,20130802,10:01:09,131.430000000,100
GAZP,0,20130802,10:01:09,131.430000000,200
GAZP,0,20130802,10:01:12,131.430000000,1 000
GAZP,0,20130802,10:01:13,131.430000000,4 020
GAZP,0,20130802,10:01:13,131.440000000,5 980
GAZP,0,20130802,10:01:13,131.430000000,1 130
GAZP,0,20130802,10:01:13,131.440000000,200
GAZP,0,20130802,10:01:13,131.440000000,80
GAZP,0,20130802,10:01:13,131.450000000,500
GAZP,0,20130802,10:01:13,131.450000000,300
GAZP,0,20130802,10:01:13,131.450000000,300
GAZP,0,20130802,10:01:13,131.450000000,1 700
GAZP,0,20130802,10:01:14,131.440000000,200
GAZP,0,20130802,10:01:14,131.450000000,300
GAZP,0,20130802,10:01:14,131.450000000,600
GAZP,0,20130802,10:01:14,131.450000000,300
GAZP,0,20130802,10:01:14,131.440000000,200
GAZP,0,20130802,10:01:14,131.440000000,120
GAZP,0,20130802,10:01:14,131.440000000,600
GAZP,0,20130802,10:01:14,131.440000000,910
GAZP,0,20130802,10:01:14,131.440000000,1 000
GAZP,0,20130802,10:01:14,131.440000000,200
GAZP,0,20130802,10:01:14,131.440000000,500
GAZP,0,20130802,10:01:14,131.450000000,600
GAZP,0,20130802,10:01:14,131.450000000,200
GAZP,0,20130802,10:01:14,131.450000000,300
GAZP,0,20130802,10:01:14,131.430000000,1 000
GAZP,0,20130802,10:01:14,131.430000000,2 000
GAZP,0,20130802,10:01:14,131.430000000,3 670
GAZP,0,20130802,10:01:15,131.430000000,600
GAZP,0,20130802,10:01:15,131.450000000,600
GAZP,0,20130802,10:01:15,131.450000000,500
GAZP,0,20130802,10:01:15,131.450000000,100
GAZP,0,20130802,10:01:16,131.410000000,300
GAZP,0,20130802,10:01:16,131.410000000,600
GAZP,0,20130802,10:01:16,131.410000000,600
GAZP,0,20130802,10:01:16,131.400000000,1 930
GAZP,0,20130802,10:01:16,131.400000000,500
GAZP,0,20130802,10:01:16,131.400000000,5 000
GAZP,0,20130802,10:01:17,131.400000000,500
GAZP,0,20130802,10:01:17,131.350000000,800
GAZP,0,20130802,10:01:17,131.340000000,500
GAZP,0,20130802,10:01:17,131.320000000,110
GAZP,0,20130802,10:01:17,131.320000000,1 000
GAZP,0,20130802,10:01:17,131.300000000,100
GAZP,0,20130802,10:01:17,131.300000000,1 000
GAZP,0,20130802,10:01:17,131.250000000,50
GAZP,0,20130802,10:01:17,131.210000000,240
GAZP,0,20130802,10:01:17,131.380000000,1 000
GAZP,0,20130802,10:01:17,131.370000000,500
GAZP,0,20130802,10:01:17,131.370000000,500
GAZP,0,20130802,10:01:17,131.370000000,500
GAZP,0,20130802,10:01:17,131.370000000,1 500
GAZP,0,20130802,10:01:17,131.370000000,60
GAZP,0,20130802,10:01:17,131.370000000,1 000
GAZP,0,20130802,10:01:17,131.400000000,570
GAZP,0,20130802,10:01:17,131.410000000,370
GAZP,0,20130802,10:01:17,131.450000000,200
GAZP,0,20130802,10:01:18,131.450000000,500
GAZP,0,20130802,10:01:18,131.450000000,500
GAZP,0,20130802,10:01:18,131.430000000,200
GAZP,0,20130802,10:01:19,131.440000000,1 000
GAZP,0,20130802,10:01:19,131.440000000,150
GAZP,0,20130802,10:01:20,131.440000000,160
GAZP,0,20130802,10:01:20,131.440000000,180
GAZP,0,20130802,10:01:20,131.440000000,40
GAZP,0,20130802,10:01:20,131.440000000,160
GAZP,0,20130802,10:01:20,131.440000000,230
GAZP,0,20130802,10:01:21,131.440000000,120
GAZP,0,20130802,10:01:21,131.430000000,50
GAZP,0,20130802,10:01:21,131.430000000,750
GAZP,0,20130802,10:01:21,131.420000000,500
GAZP,0,20130802,10:01:21,131.370000000,750
GAZP,0,20130802,10:01:22,131.440000000,60
GAZP,0,20130802,10:01:23,131.440000000,10
GAZP,0,20130802,10:01:25,131.400000000,100
GAZP,0,20130802,10:01:26,131.370000000,200
GAZP,0,20130802,10:01:27,131.370000000,50
GAZP,0,20130802,10:01:30,131.330000000,300
GAZP,0,20130802,10:01:32,131.370000000,200
GAZP,0,20130802,10:01:33,131.340000000,360
GAZP,0,20130802,10:01:34,131.370000000,250
GAZP,0,20130802,10:01:34,131.390000000,10
GAZP,0,20130802,10:01:34,131.390000000,230
GAZP,0,20130802,10:01:34,131.400000000,4 900
GAZP,0,20130802,10:01:34,131.400000000,10
GAZP,0,20130802,10:01:34,131.430000000,10
GAZP,0,20130802,10:01:34,131.430000000,5 140
GAZP,0,20130802,10:01:35,131.340000000,20
GAZP,0,20130802,10:01:35,131.330000000,280
GAZP,0,20130802,10:01:36,131.350000000,40
GAZP,0,20130802,10:01:38,131.360000000,10
GAZP,0,20130802,10:01:38,131.330000000,10
GAZP,0,20130802,10:01:38,131.340000000,300
GAZP,0,20130802,10:01:39,131.370000000,500
GAZP,0,20130802,10:01:39,131.350000000,150
GAZP,0,20130802,10:01:39,131.350000000,450
GAZP,0,20130802,10:01:39,131.350000000,150
GAZP,0,20130802,10:01:41,131.380000000,200
GAZP,0,20130802,10:01:41,131.370000000,600
GAZP,0,20130802,10:01:41,131.370000000,600
GAZP,0,20130802,10:01:41,131.360000000,1 160
GAZP,0,20130802,10:01:41,131.350000000,140
GAZP,0,20130802,10:01:42,131.390000000,500
GAZP,0,20130802,10:01:42,131.390000000,500
GAZP,0,20130802,10:01:43,131.410000000,10
GAZP,0,20130802,10:01:43,131.430000000,490
GAZP,0,20130802,10:01:43,131.430000000,770
GAZP,0,20130802,10:01:45,131.380000000,10
GAZP,0,20130802,10:01:46,131.430000000,1 200
GAZP,0,20130802,10:01:50,131.390000000,10
GAZP,0,20130802,10:01:52,131.390000000,590
GAZP,0,20130802,10:01:52,131.350000000,1 000
GAZP,0,20130802,10:01:52,131.320000000,10
GAZP,0,20130802,10:01:52,131.300000000,900
GAZP,0,20130802,10:02:00,131.340000000,600
GAZP,0,20130802,10:02:01,131.400000000,990
GAZP,0,20130802,10:02:01,131.380000000,30
GAZP,0,20130802,10:02:01,131.350000000,490
GAZP,0,20130802,10:02:01,131.340000000,500
GAZP,0,20130802,10:02:01,131.330000000,600
GAZP,0,20130802,10:02:01,131.330000000,30
GAZP,0,20130802,10:02:01,131.300000000,620
GAZP,0,20130802,10:02:01,131.300000000,110
GAZP,0,20130802,10:02:01,131.280000000,8 600
GAZP,0,20130802,10:02:01,131.270000000,2 060
GAZP,0,20130802,10:02:03,131.380000000,20
GAZP,0,20130802,10:02:05,131.400000000,10
GAZP,0,20130802,10:02:05,131.410000000,90
GAZP,0,20130802,10:02:06,131.390000000,100
GAZP,0,20130802,10:02:07,131.390000000,30
GAZP,0,20130802,10:02:08,131.390000000,200
GAZP,0,20130802,10:02:08,131.390000000,670
GAZP,0,20130802,10:02:08,131.390000000,530
GAZP,0,20130802,10:02:11,131.340000000,40
GAZP,0,20130802,10:02:11,131.310000000,210
GAZP,0,20130802,10:02:16,131.320000000,10
GAZP,0,20130802,10:02:18,131.340000000,50
GAZP,0,20130802,10:02:18,131.340000000,30
GAZP,0,20130802,10:02:18,131.330000000,1 180
GAZP,0,20130802,10:02:18,131.320000000,590
GAZP,0,20130802,10:02:18,131.320000000,1 000
GAZP,0,20130802,10:02:18,131.320000000,600
GAZP,0,20130802,10:02:18,131.320000000,1 000
GAZP,0,20130802,10:02:18,131.320000000,290
GAZP,0,20130802,10:02:18,131.300000000,6 000
GAZP,0,20130802,10:02:18,131.300000000,1 000
GAZP,0,20130802,10:02:18,131.300000000,3 000
GAZP,0,20130802,10:02:18,131.300000000,2 000
GAZP,0,20130802,10:02:18,131.300000000,1 000
GAZP,0,20130802,10:02:18,131.300000000,10 000
GAZP,0,20130802,10:02:18,131.300000000,100
GAZP,0,20130802,10:02:20,131.300000000,2 160
GAZP,0,20130802,10:02:20,131.380000000,30
GAZP,0,20130802,10:02:20,131.380000000,1 000
GAZP,0,20130802,10:02:20,131.380000000,50
GAZP,0,20130802,10:02:20,131.380000000,30
GAZP,0,20130802,10:02:20,131.390000000,630
GAZP,0,20130802,10:02:21,131.380000000,200
GAZP,0,20130802,10:02:21,131.390000000,20
GAZP,0,20130802,10:02:22,131.400000000,50
GAZP,0,20130802,10:02:22,131.400000000,700
GAZP,0,20130802,10:02:23,131.390000000,100
GAZP,0,20130802,10:02:23,131.400000000,100
GAZP,0,20130802,10:02:23,131.400000000,1 000
GAZP,0,20130802,10:02:23,131.390000000,200
GAZP,0,20130802,10:02:24,131.390000000,50
GAZP,0,20130802,10:02:26,131.390000000,100
GAZP,0,20130802,10:02:27,131.400000000,500
GAZP,0,20130802,10:02:28,131.400000000,5 000
GAZP,0,20130802,10:02:28,131.390000000,200
GAZP,0,20130802,10:02:29,131.400000000,500
GAZP,0,20130802,10:02:30,131.400000000,1 800
GAZP,0,20130802,10:02:30,131.390000000,650
GAZP,0,20130802,10:02:30,131.390000000,350
GAZP,0,20130802,10:02:30,131.390000000,2 500
GAZP,0,20130802,10:02:31,131.400000000,330
GAZP,0,20130802,10:02:31,131.400000000,60
GAZP,0,20130802,10:02:31,131.400000000,300
GAZP,0,20130802,10:02:31,131.400000000,190
GAZP,0,20130802,10:02:31,131.400000000,1 760
GAZP,0,20130802,10:02:31,131.400000000,160
GAZP,0,20130802,10:02:31,131.400000000,430
GAZP,0,20130802,10:02:31,131.390000000,580
GAZP,0,20130802,10:02:31,131.390000000,200
GAZP,0,20130802,10:02:31,131.390000000,950
GAZP,0,20130802,10:02:31,131.350000000,160
GAZP,0,20130802,10:02:33,131.350000000,220
GAZP,0,20130802,10:02:33,131.330000000,280
GAZP,0,20130802,10:02:34,131.340000000,10
GAZP,0,20130802,10:02:35,131.340000000,590
GAZP,0,20130802,10:02:35,131.340000000,260
GAZP,0,20130802,10:02:35,131.340000000,400
GAZP,0,20130802,10:02:35,131.340000000,360
GAZP,0,20130802,10:02:35,131.330000000,600
GAZP,0,20130802,10:02:35,131.330000000,280
GAZP,0,20130802,10:02:35,131.320000000,650
GAZP,0,20130802,10:02:35,131.320000000,610
GAZP,0,20130802,10:02:35,131.310000000,140
GAZP,0,20130802,10:02:35,131.310000000,2 100
GAZP,0,20130802,10:02:35,131.300000000,232 050
GAZP,0,20130802,10:02:36,131.300000000,100
GAZP,0,20130802,10:02:39,131.310000000,200
GAZP,0,20130802,10:02:39,131.320000000,200
GAZP,0,20130802,10:02:39,131.360000000,1 000
GAZP,0,20130802,10:02:42,131.300000000,200
GAZP,0,20130802,10:02:43,131.310000000,200
GAZP,0,20130802,10:02:44,131.320000000,100
GAZP,0,20130802,10:02:44,131.340000000,200
GAZP,0,20130802,10:02:44,131.340000000,360
GAZP,0,20130802,10:02:44,131.340000000,200
GAZP,0,20130802,10:02:44,131.320000000,50
GAZP,0,20130802,10:02:48,131.340000000,50
GAZP,0,20130802,10:02:48,131.370000000,60
GAZP,0,20130802,10:02:48,131.370000000,10
GAZP,0,20130802,10:02:48,131.310000000,600
GAZP,0,20130802,10:02:48,131.310000000,600
GAZP,0,20130802,10:02:48,131.310000000,800
GAZP,0,20130802,10:02:48,131.370000000,300
GAZP,0,20130802,10:02:48,131.370000000,230
GAZP,0,20130802,10:02:48,131.370000000,400
GAZP,0,20130802,10:02:48,131.380000000,720
GAZP,0,20130802,10:02:48,131.380000000,500
GAZP,0,20130802,10:02:48,131.380000000,1 000
GAZP,0,20130802,10:02:48,131.390000000,200
GAZP,0,20130802,10:02:48,131.370000000,200
GAZP,0,20130802,10:02:48,131.390000000,70
GAZP,0,20130802,10:02:48,131.390000000,10
GAZP,0,20130802,10:02:48,131.390000000,120
GAZP,0,20130802,10:02:48,131.390000000,10
GAZP,0,20130802,10:02:49,131.390000000,1 300
GAZP,0,20130802,10:02:49,131.390000000,300
GAZP,0,20130802,10:02:49,131.390000000,270
GAZP,0,20130802,10:02:49,131.390000000,230
GAZP,0,20130802,10:02:49,131.390000000,500
GAZP,0,20130802,10:02:49,131.390000000,270
GAZP,0,20130802,10:02:49,131.400000000,30
GAZP,0,20130802,10:02:49,131.400000000,500
GAZP,0,20130802,10:02:49,131.400000000,500
GAZP,0,20130802,10:02:49,131.400000000,500
GAZP,0,20130802,10:02:49,131.400000000,1 000
GAZP,0,20130802,10:02:49,131.400000000,300
GAZP,0,20130802,10:02:50,131.390000000,1 000
GAZP,0,20130802,10:02:50,131.390000000,200
GAZP,0,20130802,10:02:50,131.380000000,560
GAZP,0,20130802,10:02:50,131.370000000,200
GAZP,0,20130802,10:02:50,131.370000000,440
GAZP,0,20130802,10:02:50,131.400000000,500
GAZP,0,20130802,10:02:51,131.380000000,660
GAZP,0,20130802,10:02:51,131.380000000,440
GAZP,0,20130802,10:02:52,131.380000000,160
GAZP,0,20130802,10:02:52,131.380000000,60
GAZP,0,20130802,10:02:52,131.380000000,10
GAZP,0,20130802,10:02:52,131.380000000,220
GAZP,0,20130802,10:02:53,131.380000000,310
GAZP,0,20130802,10:02:53,131.380000000,350
GAZP,0,20130802,10:02:53,131.400000000,100
GAZP,0,20130802,10:02:53,131.400000000,140
GAZP,0,20130802,10:02:53,131.400000000,20
GAZP,0,20130802,10:02:53,131.400000000,10
GAZP,0,20130802,10:02:53,131.400000000,50
GAZP,0,20130802,10:02:53,131.400000000,10
GAZP,0,20130802,10:02:53,131.400000000,70
GAZP,0,20130802,10:02:54,131.400000000,100
GAZP,0,20130802,10:02:56,131.400000000,500
GAZP,0,20130802,10:02:56,131.400000000,500
GAZP,0,20130802,10:02:57,131.390000000,50
GAZP,0,20130802,10:02:57,131.400000000,200
GAZP,0,20130802,10:02:58,131.400000000,100
GAZP,0,20130802,10:02:58,131.400000000,8 650
GAZP,0,20130802,10:02:58,131.390000000,200
GAZP,0,20130802,10:02:58,131.400000000,200
GAZP,0,20130802,10:02:59,131.400000000,5 000
GAZP,0,20130802,10:02:59,131.400000000,200
GAZP,0,20130802,10:03:00,131.400000000,100
GAZP,0,20130802,10:03:00,131.400000000,300
GAZP,0,20130802,10:03:00,131.400000000,400
GAZP,0,20130802,10:03:00,131.390000000,80
GAZP,0,20130802,10:03:01,131.390000000,520
GAZP,0,20130802,10:03:02,131.390000000,10
GAZP,0,20130802,10:03:03,131.400000000,150
GAZP,0,20130802,10:03:03,131.400000000,350
GAZP,0,20130802,10:03:04,131.390000000,10
GAZP,0,20130802,10:03:05,131.390000000,190
GAZP,0,20130802,10:03:05,131.400000000,150
GAZP,0,20130802,10:03:05,131.400000000,100
GAZP,0,20130802,10:03:05,131.410000000,100
GAZP,0,20130802,10:03:06,131.410000000,400
GAZP,0,20130802,10:03:07,131.400000000,10
GAZP,0,20130802,10:03:09,131.410000000,20
GAZP,0,20130802,10:03:09,131.410000000,500
GAZP,0,20130802,10:03:10,131.400000000,100
GAZP,0,20130802,10:03:12,131.400000000,450
GAZP,0,20130802,10:03:12,131.400000000,300
GAZP,0,20130802,10:03:13,131.380000000,200
GAZP,0,20130802,10:03:14,131.400000000,9 250
GAZP,0,20130802,10:03:14,131.410000000,750
GAZP,0,20130802,10:03:14,131.380000000,10
GAZP,0,20130802,10:03:17,131.400000000,300
GAZP,0,20130802,10:03:17,131.400000000,300
GAZP,0,20130802,10:03:18,131.380000000,390
GAZP,0,20130802,10:03:18,131.380000000,600
GAZP,0,20130802,10:03:18,131.380000000,640
GAZP,0,20130802,10:03:18,131.380000000,370
GAZP,0,20130802,10:03:18,131.400000000,300
GAZP,0,20130802,10:03:20,131.380000000,50
GAZP,0,20130802,10:03:22,131.400000000,100
GAZP,0,20130802,10:03:24,131.380000000,580
GAZP,0,20130802,10:03:24,131.380000000,1 920
GAZP,0,20130802,10:03:25,131.380000000,80
GAZP,0,20130802,10:03:25,131.380000000,600
GAZP,0,20130802,10:03:25,131.380000000,270
GAZP,0,20130802,10:03:25,131.380000000,50
GAZP,0,20130802,10:03:26,131.380000000,950
GAZP,0,20130802,10:03:26,131.370000000,60
GAZP,0,20130802,10:03:26,131.370000000,160
GAZP,0,20130802,10:03:29,131.350000000,400
GAZP,0,20130802,10:03:29,131.390000000,150
GAZP,0,20130802,10:03:30,131.390000000,40
GAZP,0,20130802,10:03:32,131.350000000,330
GAZP,0,20130802,10:03:35,131.380000000,1 000
GAZP,0,20130802,10:03:37,131.380000000,610
GAZP,0,20130802,10:03:39,131.350000000,70
GAZP,0,20130802,10:03:46,131.350000000,50
GAZP,0,20130802,10:03:47,131.310000000,10
GAZP,0,20130802,10:03:47,131.310000000,540
GAZP,0,20130802,10:03:49,131.310000000,200
GAZP,0,20130802,10:03:50,131.310000000,20
GAZP,0,20130802,10:03:50,131.310000000,200
GAZP,0,20130802,10:03:52,131.310000000,200
GAZP,0,20130802,10:03:53,131.310000000,70
GAZP,0,20130802,10:03:53,131.310000000,10
GAZP,0,20130802,10:03:57,131.310000000,20
GAZP,0,20130802,10:04:00,131.310000000,20
GAZP,0,20130802,10:04:00,131.310000000,200
GAZP,0,20130802,10:04:02,131.310000000,2 300
GAZP,0,20130802,10:04:06,131.310000000,50
GAZP,0,20130802,10:04:07,131.300000000,20
GAZP,0,20130802,10:04:07,131.300000000,300
GAZP,0,20130802,10:04:07,131.300000000,600
GAZP,0,20130802,10:04:07,131.300000000,1 010
GAZP,0,20130802,10:04:07,131.300000000,600
GAZP,0,20130802,10:04:07,131.300000000,200
GAZP,0,20130802,10:04:07,131.300000000,220
GAZP,0,20130802,10:04:07,131.300000000,300
GAZP,0,20130802,10:04:08,131.300000000,300
GAZP,0,20130802,10:04:09,131.300000000,1 100
GAZP,0,20130802,10:04:09,131.300000000,540
GAZP,0,20130802,10:04:09,131.300000000,500
GAZP,0,20130802,10:04:09,131.300000000,100
GAZP,0,20130802,10:04:09,131.300000000,660
GAZP,0,20130802,10:04:11,131.300000000,1 240
GAZP,0,20130802,10:04:11,131.280000000,140
GAZP,0,20130802,10:04:11,131.270000000,120
GAZP,0,20130802,10:04:18,131.270000000,1 000
GAZP,0,20130802,10:04:18,131.270000000,1 000
GAZP,0,20130802,10:04:20,131.290000000,50
GAZP,0,20130802,10:04:22,131.290000000,20
GAZP,0,20130802,10:04:27,131.280000000,50
GAZP,0,20130802,10:04:27,131.280000000,30
GAZP,0,20130802,10:04:27,131.280000000,200
GAZP,0,20130802,10:04:27,131.280000000,600
GAZP,0,20130802,10:04:29,131.270000000,38 960
GAZP,0,20130802,10:04:29,131.270000000,40 500
GAZP,0,20130802,10:04:30,131.270000000,380
GAZP,0,20130802,10:04:30,131.280000000,1 520
GAZP,0,20130802,10:04:30,131.270000000,1 000
GAZP,0,20130802,10:04:31,131.270000000,3 120
GAZP,0,20130802,10:04:31,131.270000000,160
GAZP,0,20130802,10:04:31,131.260000000,160
GAZP,0,20130802,10:04:32,131.260000000,40
GAZP,0,20130802,10:04:32,131.240000000,30
GAZP,0,20130802,10:04:33,131.240000000,1 920
GAZP,0,20130802,10:04:35,131.240000000,3 000
GAZP,0,20130802,10:04:35,131.240000000,760
GAZP,0,20130802,10:04:35,131.240000000,100
GAZP,0,20130802,10:04:35,131.240000000,570
GAZP,0,20130802,10:04:35,131.240000000,30
GAZP,0,20130802,10:04:36,131.220000000,1 000
GAZP,0,20130802,10:04:46,131.210000000,10
GAZP,0,20130802,10:04:46,131.210000000,10
GAZP,0,20130802,10:04:47,131.210000000,200
GAZP,0,20130802,10:04:47,131.210000000,4 180
GAZP,0,20130802,10:04:47,131.220000000,100
GAZP,0,20130802,10:04:47,131.250000000,100
GAZP,0,20130802,10:04:47,131.250000000,100
GAZP,0,20130802,10:04:48,131.250000000,100
GAZP,0,20130802,10:04:48,131.250000000,200
GAZP,0,20130802,10:04:48,131.210000000,500
GAZP,0,20130802,10:04:51,131.210000000,70
GAZP,0,20130802,10:04:51,131.210000000,200
GAZP,0,20130802,10:04:52,131.210000000,1 000
GAZP,0,20130802,10:04:52,131.210000000,3 400
GAZP,0,20130802,10:04:52,131.200000000,40
GAZP,0,20130802,10:04:52,131.200000000,100
GAZP,0,20130802,10:04:53,131.170000000,300
GAZP,0,20130802,10:04:53,131.170000000,220
GAZP,0,20130802,10:04:53,131.170000000,190
GAZP,0,20130802,10:04:53,131.170000000,300
GAZP,0,20130802,10:04:53,131.170000000,290
GAZP,0,20130802,10:04:53,131.170000000,10
GAZP,0,20130802,10:04:53,131.170000000,10
GAZP,0,20130802,10:04:55,131.200000000,100
GAZP,0,20130802,10:04:55,131.200000000,3 000
GAZP,0,20130802,10:04:55,131.180000000,1 000
GAZP,0,20130802,10:04:57,131.200000000,100
GAZP,0,20130802,10:04:57,131.200000000,60
GAZP,0,20130802,10:05:00,131.200000000,1 890
GAZP,0,20130802,10:05:00,131.200000000,860
GAZP,0,20130802,10:05:02,131.200000000,100
GAZP,0,20130802,10:05:02,131.200000000,50
GAZP,0,20130802,10:05:02,131.200000000,300
GAZP,0,20130802,10:05:02,131.200000000,70
GAZP,0,20130802,10:05:02,131.200000000,10
GAZP,0,20130802,10:05:02,131.200000000,230
GAZP,0,20130802,10:05:02,131.200000000,310
GAZP,0,20130802,10:05:02,131.200000000,250
GAZP,0,20130802,10:05:02,131.200000000,130
GAZP,0,20130802,10:05:03,131.210000000,100
GAZP,0,20130802,10:05:03,131.210000000,270
GAZP,0,20130802,10:05:03,131.210000000,180
GAZP,0,20130802,10:05:05,131.210000000,120
GAZP,0,20130802,10:05:06,131.210000000,30
GAZP,0,20130802,10:05:06,131.210000000,70
GAZP,0,20130802,10:05:06,131.210000000,30
GAZP,0,20130802,10:05:06,131.210000000,100
GAZP,0,20130802,10:05:06,131.210000000,390
GAZP,0,20130802,10:05:06,131.210000000,200
GAZP,0,20130802,10:05:08,131.210000000,30
GAZP,0,20130802,10:05:09,131.210000000,100
GAZP,0,20130802,10:05:10,131.200000000,150
GAZP,0,20130802,10:05:10,131.200000000,460
GAZP,0,20130802,10:05:10,131.210000000,100
GAZP,0,20130802,10:05:11,131.210000000,100
GAZP,0,20130802,10:05:13,131.200000000,200
GAZP,0,20130802,10:05:14,131.200000000,20
GAZP,0,20130802,10:05:16,131.210000000,30
GAZP,0,20130802,10:05:16,131.200000000,80
GAZP,0,20130802,10:05:16,131.200000000,260
GAZP,0,20130802,10:05:16,131.200000000,660
GAZP,0,20130802,10:05:16,131.210000000,50
GAZP,0,20130802,10:05:16,131.210000000,30
GAZP,0,20130802,10:05:16,131.210000000,420
GAZP,0,20130802,10:05:16,131.200000000,50
GAZP,0,20130802,10:05:17,131.210000000,80
GAZP,0,20130802,10:05:17,131.210000000,20
GAZP,0,20130802,10:05:17,131.210000000,100
GAZP,0,20130802,10:05:17,131.210000000,100
GAZP,0,20130802,10:05:18,131.210000000,300
GAZP,0,20130802,10:05:18,131.200000000,350
GAZP,0,20130802,10:05:18,131.200000000,1 230
GAZP,0,20130802,10:05:18,131.200000000,360
GAZP,0,20130802,10:05:18,131.200000000,1 020
GAZP,0,20130802,10:05:18,131.200000000,20
GAZP,0,20130802,10:05:18,131.200000000,200
GAZP,0,20130802,10:05:18,131.200000000,80
GAZP,0,20130802,10:05:18,131.200000000,6 740
GAZP,0,20130802,10:05:19,131.210000000,100
GAZP,0,20130802,10:05:19,131.200000000,1 000
GAZP,0,20130802,10:05:21,131.200000000,120
GAZP,0,20130802,10:05:21,131.200000000,2 140
GAZP,0,20130802,10:05:21,131.200000000,5 360
GAZP,0,20130802,10:05:23,131.200000000,200
GAZP,0,20130802,10:05:23,131.200000000,40
GAZP,0,20130802,10:05:23,131.200000000,10
GAZP,0,20130802,10:05:35,131.180000000,100
GAZP,0,20130802,10:05:35,131.170000000,200
GAZP,0,20130802,10:05:35,131.170000000,560
GAZP,0,20130802,10:05:38,131.200000000,210
GAZP,0,20130802,10:05:40,131.200000000,20
GAZP,0,20130802,10:05:41,131.200000000,10
GAZP,0,20130802,10:05:44,131.190000000,20
GAZP,0,20130802,10:05:44,131.180000000,20
GAZP,0,20130802,10:05:44,131.190000000,3 210
GAZP,0,20130802,10:05:44,131.200000000,1 790
GAZP,0,20130802,10:05:46,131.170000000,1 000
GAZP,0,20130802,10:05:47,131.190000000,940
GAZP,0,20130802,10:05:48,131.170000000,10
GAZP,0,20130802,10:05:49,131.170000000,10
GAZP,0,20130802,10:05:50,131.190000000,570
GAZP,0,20130802,10:05:51,131.170000000,420
GAZP,0,20130802,10:05:51,131.170000000,20
GAZP,0,20130802,10:05:51,131.170000000,20
GAZP,0,20130802,10:05:51,131.160000000,40
GAZP,0,20130802,10:05:51,131.160000000,60
GAZP,0,20130802,10:05:51,131.160000000,600
GAZP,0,20130802,10:05:51,131.160000000,1 000
GAZP,0,20130802,10:05:51,131.150000000,1 300
GAZP,0,20130802,10:05:51,131.150000000,100
GAZP,0,20130802,10:05:51,131.140000000,3 000
GAZP,0,20130802,10:05:51,131.130000000,100
GAZP,0,20130802,10:05:51,131.120000000,120
GAZP,0,20130802,10:05:51,131.120000000,700
GAZP,0,20130802,10:05:51,131.110000000,750
GAZP,0,20130802,10:05:51,131.110000000,500
GAZP,0,20130802,10:05:51,131.110000000,10
GAZP,0,20130802,10:05:51,131.100000000,100
GAZP,0,20130802,10:05:51,131.100000000,10
GAZP,0,20130802,10:05:51,131.100000000,300
GAZP,0,20130802,10:05:51,131.100000000,1 350
GAZP,0,20130802,10:05:51,131.110000000,2 000
GAZP,0,20130802,10:05:51,131.110000000,10
GAZP,0,20130802,10:05:53,131.170000000,3 130
GAZP,0,20130802,10:05:55,131.170000000,20
GAZP,0,20130802,10:05:57,131.180000000,2 020
GAZP,0,20130802,10:05:58,131.160000000,20
GAZP,0,20130802,10:05:58,131.150000000,20
GAZP,0,20130802,10:05:58,131.140000000,20
GAZP,0,20130802,10:05:58,131.130000000,20
GAZP,0,20130802,10:05:58,131.120000000,20
GAZP,0,20130802,10:05:58,131.120000000,20
GAZP,0,20130802,10:05:58,131.110000000,360
GAZP,0,20130802,10:05:59,131.170000000,600
GAZP,0,20130802,10:06:00,131.190000000,430
GAZP,0,20130802,10:06:00,131.200000000,610
GAZP,0,20130802,10:06:00,131.200000000,10
GAZP,0,20130802,10:06:00,131.200000000,20
GAZP,0,20130802,10:06:00,131.200000000,70
GAZP,0,20130802,10:06:00,131.200000000,160
GAZP,0,20130802,10:06:01,131.200000000,1 000
GAZP,0,20130802,10:06:01,131.200000000,100
GAZP,0,20130802,10:06:01,131.200000000,2 220
GAZP,0,20130802,10:06:01,131.200000000,20
GAZP,0,20130802,10:06:02,131.210000000,380
GAZP,0,20130802,10:06:02,131.210000000,100
GAZP,0,20130802,10:06:02,131.210000000,710
GAZP,0,20130802,10:06:03,131.210000000,670
GAZP,0,20130802,10:06:04,131.210000000,250
GAZP,0,20130802,10:06:04,131.210000000,1 200
GAZP,0,20130802,10:06:04,131.200000000,1 000
GAZP,0,20130802,10:06:05,131.200000000,560
GAZP,0,20130802,10:06:05,131.160000000,1 440
GAZP,0,20130802,10:06:05,131.210000000,340
GAZP,0,20130802,10:06:05,131.210000000,1 360
GAZP,0,20130802,10:06:06,131.210000000,20
GAZP,0,20130802,10:06:06,131.210000000,1 080
GAZP,0,20130802,10:06:08,131.210000000,280
GAZP,0,20130802,10:06:09,131.210000000,430
GAZP,0,20130802,10:06:10,131.200000000,200
GAZP,0,20130802,10:06:11,131.160000000,10
GAZP,0,20130802,10:06:11,131.200000000,300
GAZP,0,20130802,10:06:11,131.200000000,1 560
GAZP,0,20130802,10:06:11,131.200000000,160
GAZP,0,20130802,10:06:13,131.200000000,3 230
GAZP,0,20130802,10:06:14,131.200000000,1 270
GAZP,0,20130802,10:06:14,131.200000000,900
GAZP,0,20130802,10:06:14,131.200000000,200
GAZP,0,20130802,10:06:15,131.150000000,10 000
GAZP,0,20130802,10:06:15,131.150000000,3 840
GAZP,0,20130802,10:06:16,131.200000000,2 680
GAZP,0,20130802,10:06:16,131.210000000,550
GAZP,0,20130802,10:06:17,131.210000000,4 540
GAZP,0,20130802,10:06:18,131.210000000,2 110
GAZP,0,20130802,10:06:19,131.210000000,320
GAZP,0,20130802,10:06:20,131.210000000,610
GAZP,0,20130802,10:06:21,131.210000000,230
GAZP,0,20130802,10:06:21,131.210000000,100
GAZP,0,20130802,10:06:21,131.240000000,1 000
GAZP,0,20130802,10:06:21,131.250000000,500
GAZP,0,20130802,10:06:21,131.250000000,30
GAZP,0,20130802,10:06:22,131.250000000,10
GAZP,0,20130802,10:06:23,131.250000000,210
GAZP,0,20130802,10:06:23,131.250000000,750
GAZP,0,20130802,10:06:23,131.250000000,470
GAZP,0,20130802,10:06:23,131.250000000,30
GAZP,0,20130802,10:06:23,131.260000000,460
GAZP,0,20130802,10:06:23,131.260000000,1 000
GAZP,0,20130802,10:06:23,131.260000000,200
GAZP,0,20130802,10:06:23,131.270000000,1 000
GAZP,0,20130802,10:06:23,131.270000000,10
GAZP,0,20130802,10:06:23,131.270000000,40
GAZP,0,20130802,10:06:24,131.270000000,20
GAZP,0,20130802,10:06:25,131.270000000,940
GAZP,0,20130802,10:06:25,131.280000000,10
GAZP,0,20130802,10:06:25,131.280000000,10
GAZP,0,20130802,10:06:25,131.280000000,20
GAZP,0,20130802,10:06:25,131.280000000,10
GAZP,0,20130802,10:06:25,131.280000000,20
GAZP,0,20130802,10:06:25,131.280000000,10
GAZP,0,20130802,10:06:25,131.280000000,250
GAZP,0,20130802,10:06:26,131.240000000,1 200
GAZP,0,20130802,10:06:26,131.240000000,50
GAZP,0,20130802,10:06:27,131.250000000,1 650
GAZP,0,20130802,10:06:28,131.240000000,20
GAZP,0,20130802,10:06:29,131.230000000,20
GAZP,0,20130802,10:06:29,131.250000000,740
GAZP,0,20130802,10:06:29,131.250000000,420
GAZP,0,20130802,10:06:30,131.250000000,1 930
GAZP,0,20130802,10:06:31,131.220000000,20
GAZP,0,20130802,10:06:32,131.250000000,670
GAZP,0,20130802,10:06:32,131.250000000,800
GAZP,0,20130802,10:06:33,131.250000000,1 290
GAZP,0,20130802,10:06:33,131.250000000,20
GAZP,0,20130802,10:06:37,131.270000000,620
GAZP,0,20130802,10:06:38,131.280000000,600
GAZP,0,20130802,10:06:38,131.280000000,680
GAZP,0,20130802,10:06:39,131.280000000,60
GAZP,0,20130802,10:06:39,131.280000000,450
GAZP,0,20130802,10:06:40,131.160000000,300
GAZP,0,20130802,10:06:40,131.240000000,110
GAZP,0,20130802,10:06:41,131.240000000,190
GAZP,0,20130802,10:06:41,131.240000000,90
GAZP,0,20130802,10:06:41,131.230000000,620
GAZP,0,20130802,10:06:42,131.170000000,10
GAZP,0,20130802,10:06:43,131.240000000,200
GAZP,0,20130802,10:06:43,131.240000000,280
GAZP,0,20130802,10:06:44,131.230000000,10
GAZP,0,20130802,10:06:44,131.240000000,50
GAZP,0,20130802,10:06:44,131.240000000,320
GAZP,0,20130802,10:06:44,131.240000000,180
GAZP,0,20130802,10:06:44,131.240000000,780
GAZP,0,20130802,10:06:46,131.160000000,10
GAZP,0,20130802,10:06:47,131.240000000,20
GAZP,0,20130802,10:06:47,131.240000000,220
GAZP,0,20130802,10:06:47,131.170000000,10
GAZP,0,20130802,10:06:48,131.160000000,10
GAZP,0,20130802,10:06:49,131.230000000,430
GAZP,0,20130802,10:06:49,131.230000000,10
GAZP,0,20130802,10:06:49,131.230000000,60
GAZP,0,20130802,10:06:49,131.160000000,10
GAZP,0,20130802,10:06:50,131.230000000,10
GAZP,0,20130802,10:06:50,131.230000000,220
GAZP,0,20130802,10:06:50,131.230000000,140
GAZP,0,20130802,10:06:50,131.170000000,10
GAZP,0,20130802,10:06:52,131.150000000,10
GAZP,0,20130802,10:06:52,131.160000000,10
GAZP,0,20130802,10:06:54,131.190000000,10
GAZP,0,20130802,10:06:55,131.160000000,10
GAZP,0,20130802,10:06:55,131.160000000,10
GAZP,0,20130802,10:06:57,131.210000000,60
GAZP,0,20130802,10:06:59,131.170000000,10
GAZP,0,20130802,10:07:00,131.170000000,10
GAZP,0,20130802,10:07:01,131.170000000,10
GAZP,0,20130802,10:07:01,131.170000000,10
GAZP,0,20130802,10:07:02,131.200000000,10
GAZP,0,20130802,10:07:03,131.180000000,10
GAZP,0,20130802,10:07:04,131.170000000,10
GAZP,0,20130802,10:07:06,131.200000000,470
GAZP,0,20130802,10:07:06,131.180000000,10
GAZP,0,20130802,10:07:08,131.200000000,20
GAZP,0,20130802,10:07:08,131.190000000,10
GAZP,0,20130802,10:07:08,131.200000000,130
GAZP,0,20130802,10:07:09,131.190000000,10
GAZP,0,20130802,10:07:09,131.180000000,10
GAZP,0,20130802,10:07:11,131.190000000,10
GAZP,0,20130802,10:07:14,131.200000000,10
GAZP,0,20130802,10:07:18,131.200000000,1 160
GAZP,0,20130802,10:07:20,131.200000000,290
GAZP,0,20130802,10:07:20,131.200000000,100
GAZP,0,20130802,10:07:22,131.190000000,100
GAZP,0,20130802,10:07:23,131.200000000,200
GAZP,0,20130802,10:07:23,131.200000000,50
GAZP,0,20130802,10:07:24,131.190000000,40
GAZP,0,20130802,10:07:25,131.190000000,10
GAZP,0,20130802,10:07:25,131.200000000,990
GAZP,0,20130802,10:07:25,131.180000000,10
GAZP,0,20130802,10:07:26,131.200000000,310
GAZP,0,20130802,10:07:27,131.180000000,10
GAZP,0,20130802,10:07:29,131.190000000,50
GAZP,0,20130802,10:07:29,131.190000000,10
GAZP,0,20130802,10:07:30,131.180000000,10
GAZP,0,20130802,10:07:31,131.190000000,1 030
GAZP,0,20130802,10:07:31,131.190000000,120
GAZP,0,20130802,10:07:31,131.190000000,1 500
GAZP,0,20130802,10:07:31,131.190000000,2 200
GAZP,0,20130802,10:07:31,131.200000000,1 260
GAZP,0,20130802,10:07:31,131.200000000,100
GAZP,0,20130802,10:07:31,131.200000000,4 820
GAZP,0,20130802,10:07:31,131.200000000,3 000
GAZP,0,20130802,10:07:31,131.200000000,2 000
GAZP,0,20130802,10:07:32,131.200000000,100
GAZP,0,20130802,10:07:32,131.200000000,80
GAZP,0,20130802,10:07:32,131.200000000,270
GAZP,0,20130802,10:07:32,131.200000000,1 440
GAZP,0,20130802,10:07:35,131.210000000,10
GAZP,0,20130802,10:07:35,131.210000000,1 000
GAZP,0,20130802,10:07:35,131.210000000,1 000
GAZP,0,20130802,10:07:35,131.210000000,240
GAZP,0,20130802,10:07:36,131.210000000,20
GAZP,0,20130802,10:07:37,131.190000000,10
GAZP,0,20130802,10:07:37,131.190000000,990
GAZP,0,20130802,10:07:38,131.210000000,250
GAZP,0,20130802,10:07:41,131.210000000,20
GAZP,0,20130802,10:07:44,131.190000000,10
GAZP,0,20130802,10:07:50,131.190000000,490
GAZP,0,20130802,10:07:50,131.200000000,1 000
GAZP,0,20130802,10:07:53,131.200000000,220
GAZP,0,20130802,10:07:53,131.200000000,150
GAZP,0,20130802,10:07:56,131.180000000,1 180
GAZP,0,20130802,10:07:56,131.180000000,110
GAZP,0,20130802,10:07:56,131.180000000,50
GAZP,0,20130802,10:07:56,131.180000000,1 000
GAZP,0,20130802,10:07:56,131.170000000,50
GAZP,0,20130802,10:07:56,131.170000000,20
GAZP,0,20130802,10:07:56,131.170000000,50
GAZP,0,20130802,10:07:56,131.160000000,50
GAZP,0,20130802,10:07:56,131.150000000,1 140
GAZP,0,20130802,10:07:57,131.160000000,400
GAZP,0,20130802,10:07:59,131.200000000,850
GAZP,0,20130802,10:07:59,131.200000000,160
GAZP,0,20130802,10:08:02,131.180000000,500
GAZP,0,20130802,10:08:03,131.200000000,840
GAZP,0,20130802,10:08:03,131.200000000,500
GAZP,0,20130802,10:08:03,131.210000000,1 810
GAZP,0,20130802,10:08:03,131.200000000,660
GAZP,0,20130802,10:08:04,131.160000000,10
GAZP,0,20130802,10:08:05,131.160000000,10
GAZP,0,20130802,10:08:05,131.160000000,600
GAZP,0,20130802,10:08:05,131.160000000,490
GAZP,0,20130802,10:08:05,131.160000000,110
GAZP,0,20130802,10:08:05,131.160000000,1 100
GAZP,0,20130802,10:08:05,131.150000000,10
GAZP,0,20130802,10:08:05,131.210000000,570
GAZP,0,20130802,10:08:05,131.210000000,790
GAZP,0,20130802,10:08:05,131.200000000,10
GAZP,0,20130802,10:08:05,131.200000000,990
GAZP,0,20130802,10:08:06,131.150000000,10
GAZP,0,20130802,10:08:06,131.150000000,10
GAZP,0,20130802,10:08:07,131.160000000,1 200
GAZP,0,20130802,10:08:07,131.150000000,610
GAZP,0,20130802,10:08:07,131.150000000,10
GAZP,0,20130802,10:08:07,131.150000000,10
GAZP,0,20130802,10:08:07,131.150000000,10
GAZP,0,20130802,10:08:08,131.200000000,610
GAZP,0,20130802,10:08:08,131.200000000,410
GAZP,0,20130802,10:08:08,131.150000000,10
GAZP,0,20130802,10:08:08,131.150000000,10
GAZP,0,20130802,10:08:09,131.150000000,10
GAZP,0,20130802,10:08:09,131.200000000,1 000
GAZP,0,20130802,10:08:09,131.200000000,390
GAZP,0,20130802,10:08:09,131.200000000,780
GAZP,0,20130802,10:08:09,131.150000000,10
GAZP,0,20130802,10:08:10,131.150000000,10
GAZP,0,20130802,10:08:10,131.150000000,10
GAZP,0,20130802,10:08:10,131.150000000,10
GAZP,0,20130802,10:08:11,131.150000000,690
GAZP,0,20130802,10:08:11,131.150000000,1 500
GAZP,0,20130802,10:08:11,131.150000000,600
GAZP,0,20130802,10:08:11,131.150000000,300
GAZP,0,20130802,10:08:11,131.150000000,700
GAZP,0,20130802,10:08:11,131.140000000,200
GAZP,0,20130802,10:08:11,131.150000000,360
GAZP,0,20130802,10:08:11,131.120000000,10
GAZP,0,20130802,10:08:11,131.120000000,10
GAZP,0,20130802,10:08:11,131.120000000,980
GAZP,0,20130802,10:08:11,131.120000000,1 500
GAZP,0,20130802,10:08:11,131.120000000,1 240
GAZP,0,20130802,10:08:12,131.110000000,10
GAZP,0,20130802,10:08:12,131.150000000,100
GAZP,0,20130802,10:08:12,131.150000000,200
GAZP,0,20130802,10:08:12,131.110000000,10
GAZP,0,20130802,10:08:12,131.130000000,100
GAZP,0,20130802,10:08:12,131.150000000,1 920
GAZP,0,20130802,10:08:13,131.120000000,10
GAZP,0,20130802,10:08:13,131.150000000,20
GAZP,0,20130802,10:08:13,131.140000000,10
GAZP,0,20130802,10:08:13,131.150000000,590
GAZP,0,20130802,10:08:14,131.140000000,10
GAZP,0,20130802,10:08:14,131.150000000,480
GAZP,0,20130802,10:08:14,131.120000000,10
GAZP,0,20130802,10:08:14,131.150000000,2 750
GAZP,0,20130802,10:08:15,131.120000000,10
GAZP,0,20130802,10:08:15,131.150000000,200
GAZP,0,20130802,10:08:15,131.150000000,220
GAZP,0,20130802,10:08:16,131.150000000,200
GAZP,0,20130802,10:08:16,131.130000000,10
GAZP,0,20130802,10:08:16,131.150000000,2 780
GAZP,0,20130802,10:08:16,131.150000000,200
GAZP,0,20130802,10:08:17,131.150000000,200
GAZP,0,20130802,10:08:17,131.150000000,340
GAZP,0,20130802,10:08:17,131.150000000,100
GAZP,0,20130802,10:08:17,131.150000000,1 060
GAZP,0,20130802,10:08:17,131.130000000,250
GAZP,0,20130802,10:08:20,131.130000000,10
GAZP,0,20130802,10:08:20,131.150000000,70
GAZP,0,20130802,10:08:21,131.110000000,10
GAZP,0,20130802,10:08:23,131.150000000,370
GAZP,0,20130802,10:08:23,131.150000000,300
GAZP,0,20130802,10:08:23,131.150000000,200
GAZP,0,20130802,10:08:23,131.150000000,500
GAZP,0,20130802,10:08:25,131.110000000,300
GAZP,0,20130802,10:08:25,131.150000000,1 650
GAZP,0,20130802,10:08:26,131.150000000,830
GAZP,0,20130802,10:08:26,131.120000000,10
GAZP,0,20130802,10:08:26,131.120000000,10
GAZP,0,20130802,10:08:27,131.120000000,10
GAZP,0,20130802,10:08:27,131.150000000,2 880
GAZP,0,20130802,10:08:27,131.120000000,10
GAZP,0,20130802,10:08:28,131.150000000,920
GAZP,0,20130802,10:08:28,131.150000000,800
GAZP,0,20130802,10:08:28,131.150000000,200
GAZP,0,20130802,10:08:28,131.150000000,800
GAZP,0,20130802,10:08:29,131.150000000,1 000
GAZP,0,20130802,10:08:29,131.150000000,700
GAZP,0,20130802,10:08:29,131.150000000,810
GAZP,0,20130802,10:08:29,131.150000000,100
GAZP,0,20130802,10:08:29,131.150000000,200
GAZP,0,20130802,10:08:29,131.150000000,5 000
GAZP,0,20130802,10:08:29,131.150000000,200
GAZP,0,20130802,10:08:29,131.150000000,300
GAZP,0,20130802,10:08:29,131.150000000,500
GAZP,0,20130802,10:08:29,131.150000000,2 110
GAZP,0,20130802,10:08:29,131.150000000,5 860
GAZP,0,20130802,10:08:29,131.150000000,630
GAZP,0,20130802,10:08:29,131.150000000,40
GAZP,0,20130802,10:08:29,131.150000000,260
GAZP,0,20130802,10:08:30,131.150000000,100
GAZP,0,20130802,10:08:30,131.150000000,200
GAZP,0,20130802,10:08:30,131.150000000,3 000
GAZP,0,20130802,10:08:30,131.150000000,900
GAZP,0,20130802,10:08:30,131.150000000,1 470
GAZP,0,20130802,10:08:30,131.150000000,200
GAZP,0,20130802,10:08:30,131.150000000,230
GAZP,0,20130802,10:08:30,131.170000000,100
GAZP,0,20130802,10:08:30,131.200000000,100
GAZP,0,20130802,10:08:30,131.200000000,200
GAZP,0,20130802,10:08:30,131.200000000,500
GAZP,0,20130802,10:08:30,131.200000000,200
GAZP,0,20130802,10:08:30,131.200000000,100
GAZP,0,20130802,10:08:30,131.190000000,500
GAZP,0,20130802,10:08:30,131.160000000,2 800
GAZP,0,20130802,10:08:30,131.160000000,1 440
GAZP,0,20130802,10:08:30,131.200000000,200
GAZP,0,20130802,10:08:30,131.160000000,560
GAZP,0,20130802,10:08:30,131.150000000,1 500
GAZP,0,20130802,10:08:30,131.150000000,570
GAZP,0,20130802,10:08:30,131.130000000,2 500
GAZP,0,20130802,10:08:30,131.120000000,200
GAZP,0,20130802,10:08:30,131.200000000,1 800
GAZP,0,20130802,10:08:30,131.200000000,1 080
GAZP,0,20130802,10:08:31,131.210000000,200
GAZP,0,20130802,10:08:31,131.170000000,600
GAZP,0,20130802,10:08:31,131.170000000,300
GAZP,0,20130802,10:08:31,131.170000000,300
GAZP,0,20130802,10:08:31,131.200000000,200
GAZP,0,20130802,10:08:31,131.180000000,900
GAZP,0,20130802,10:08:31,131.170000000,1 100
GAZP,0,20130802,10:08:32,131.200000000,200
GAZP,0,20130802,10:08:32,131.170000000,900
GAZP,0,20130802,10:08:32,131.200000000,980
GAZP,0,20130802,10:08:32,131.200000000,240
GAZP,0,20130802,10:08:32,131.200000000,1 500
GAZP,0,20130802,10:08:32,131.200000000,1 240
GAZP,0,20130802,10:08:32,131.210000000,200
GAZP,0,20130802,10:08:32,131.210000000,500
GAZP,0,20130802,10:08:32,131.210000000,200
GAZP,0,20130802,10:08:33,131.200000000,6 280
GAZP,0,20130802,10:08:33,131.210000000,180
GAZP,0,20130802,10:08:33,131.210000000,120
GAZP,0,20130802,10:08:34,131.210000000,280
GAZP,0,20130802,10:08:36,131.200000000,30
GAZP,0,20130802,10:08:36,131.200000000,50
GAZP,0,20130802,10:08:36,131.210000000,600
GAZP,0,20130802,10:08:36,131.220000000,980
GAZP,0,20130802,10:08:36,131.200000000,840
GAZP,0,20130802,10:08:37,131.200000000,20
GAZP,0,20130802,10:08:38,131.210000000,340
GAZP,0,20130802,10:08:38,131.220000000,20
GAZP,0,20130802,10:08:38,131.220000000,2 090
GAZP,0,20130802,10:08:39,131.190000000,20
GAZP,0,20130802,10:08:39,131.190000000,980
GAZP,0,20130802,10:08:40,131.220000000,910
GAZP,0,20130802,10:08:40,131.230000000,220
GAZP,0,20130802,10:08:41,131.230000000,1 280
GAZP,0,20130802,10:08:41,131.230000000,290
GAZP,0,20130802,10:08:43,131.230000000,1 470
GAZP,0,20130802,10:08:44,131.230000000,370
GAZP,0,20130802,10:08:44,131.230000000,200
GAZP,0,20130802,10:08:45,131.230000000,660
GAZP,0,20130802,10:08:47,131.230000000,210
GAZP,0,20130802,10:08:49,131.180000000,20
GAZP,0,20130802,10:08:49,131.180000000,20
GAZP,0,20130802,10:08:49,131.180000000,110
GAZP,0,20130802,10:08:50,131.230000000,40
GAZP,0,20130802,10:08:51,131.230000000,1 150
GAZP,0,20130802,10:08:53,131.230000000,290
GAZP,0,20130802,10:08:54,131.180000000,150
GAZP,0,20130802,10:08:54,131.230000000,550
GAZP,0,20130802,10:08:55,131.170000000,10
GAZP,0,20130802,10:08:56,131.220000000,150
GAZP,0,20130802,10:08:56,131.230000000,600
GAZP,0,20130802,10:08:56,131.230000000,170
GAZP,0,20130802,10:08:56,131.230000000,530
GAZP,0,20130802,10:08:57,131.170000000,10
GAZP,0,20130802,10:08:58,131.230000000,450
GAZP,0,20130802,10:08:59,131.230000000,440
GAZP,0,20130802,10:09:06,131.220000000,550
GAZP,0,20130802,10:09:07,131.220000000,450
GAZP,0,20130802,10:09:07,131.230000000,30
GAZP,0,20130802,10:09:08,131.230000000,260
GAZP,0,20130802,10:09:08,131.230000000,10
GAZP,0,20130802,10:09:13,131.230000000,860
GAZP,0,20130802,10:09:14,131.230000000,210
GAZP,0,20130802,10:09:18,131.230000000,550
GAZP,0,20130802,10:09:19,131.200000000,200
GAZP,0,20130802,10:09:20,131.200000000,220
GAZP,0,20130802,10:09:20,131.200000000,190
GAZP,0,20130802,10:09:20,131.200000000,110
GAZP,0,20130802,10:09:21,131.200000000,440
GAZP,0,20130802,10:09:21,131.200000000,220
GAZP,0,20130802,10:09:22,131.190000000,100
GAZP,0,20130802,10:09:22,131.190000000,470
GAZP,0,20130802,10:09:22,131.200000000,440
GAZP,0,20130802,10:09:23,131.200000000,500
GAZP,0,20130802,10:09:25,131.190000000,10
GAZP,0,20130802,10:09:27,131.190000000,30
GAZP,0,20130802,10:09:29,131.200000000,10
GAZP,0,20130802,10:09:30,131.190000000,200
GAZP,0,20130802,10:09:32,131.200000000,50
GAZP,0,20130802,10:09:33,131.190000000,160
GAZP,0,20130802,10:09:34,131.170000000,20
GAZP,0,20130802,10:09:34,131.170000000,50
GAZP,0,20130802,10:09:34,131.170000000,30
GAZP,0,20130802,10:09:34,131.170000000,2 400
GAZP,0,20130802,10:09:34,131.170000000,2 500
GAZP,0,20130802,10:09:35,131.170000000,500
GAZP,0,20130802,10:09:35,131.180000000,200
GAZP,0,20130802,10:09:35,131.180000000,1 220
GAZP,0,20130802,10:09:35,131.190000000,100
GAZP,0,20130802,10:09:36,131.170000000,500
GAZP,0,20130802,10:09:37,131.170000000,2 680
GAZP,0,20130802,10:09:38,131.170000000,320
GAZP,0,20130802,10:09:38,131.170000000,270
GAZP,0,20130802,10:09:41,131.190000000,230
GAZP,0,20130802,10:09:43,131.160000000,20
GAZP,0,20130802,10:09:43,131.160000000,20
GAZP,0,20130802,10:09:43,131.160000000,960
GAZP,0,20130802,10:09:44,131.180000000,20
GAZP,0,20130802,10:09:44,131.180000000,250
GAZP,0,20130802,10:09:48,131.170000000,20
GAZP,0,20130802,10:09:50,131.170000000,10
GAZP,0,20130802,10:09:56,131.160000000,40
GAZP,0,20130802,10:09:56,131.150000000,20
GAZP,0,20130802,10:09:56,131.140000000,20
GAZP,0,20130802,10:09:56,131.130000000,420
GAZP,0,20130802,10:09:59,131.140000000,120
GAZP,0,20130802,10:10:00,131.130000000,1 080
GAZP,0,20130802,10:10:00,131.120000000,10
GAZP,0,20130802,10:10:00,131.110000000,310
GAZP,0,20130802,10:10:00,131.110000000,20
GAZP,0,20130802,10:10:00,131.100000000,190
GAZP,0,20130802,10:10:02,131.130000000,80
GAZP,0,20130802,10:10:02,131.140000000,20
GAZP,0,20130802,10:10:02,131.140000000,400
GAZP,0,20130802,10:10:05,131.140000000,30
GAZP,0,20130802,10:10:08,131.130000000,490
GAZP,0,20130802,10:10:08,131.140000000,3 910
GAZP,0,20130802,10:10:08,131.150000000,15 370
GAZP,0,20130802,10:10:08,131.150000000,16 020
GAZP,0,20130802,10:10:08,131.150000000,4 210
GAZP,0,20130802,10:10:11,131.130000000,1 000
GAZP,0,20130802,10:10:11,131.140000000,80
GAZP,0,20130802,10:10:11,131.150000000,740
GAZP,0,20130802,10:10:11,131.160000000,20
GAZP,0,20130802,10:10:11,131.180000000,50
GAZP,0,20130802,10:10:11,131.180000000,2 360
GAZP,0,20130802,10:10:11,131.180000000,920
GAZP,0,20130802,10:10:11,131.190000000,50
GAZP,0,20130802,10:10:11,131.190000000,10
GAZP,0,20130802,10:10:11,131.190000000,20
GAZP,0,20130802,10:10:11,131.200000000,120
GAZP,0,20130802,10:10:11,131.180000000,2 410
GAZP,0,20130802,10:10:11,131.180000000,440
GAZP,0,20130802,10:10:11,131.180000000,280
GAZP,0,20130802,10:10:11,131.190000000,500
GAZP,0,20130802,10:10:11,131.200000000,20
GAZP,0,20130802,10:10:14,131.200000000,1 880
GAZP,0,20130802,10:10:17,131.150000000,10
GAZP,0,20130802,10:10:18,131.120000000,10
GAZP,0,20130802,10:10:20,131.120000000,10
GAZP,0,20130802,10:10:21,131.110000000,10
GAZP,0,20130802,10:10:22,131.170000000,80
GAZP,0,20130802,10:10:22,131.200000000,150
GAZP,0,20130802,10:10:23,131.120000000,4 730
GAZP,0,20130802,10:10:23,131.110000000,660
GAZP,0,20130802,10:10:23,131.110000000,4 070
GAZP,0,20130802,10:10:23,131.170000000,10
GAZP,0,20130802,10:10:23,131.150000000,10
GAZP,0,20130802,10:10:24,131.100000000,10
GAZP,0,20130802,10:10:24,131.100000000,10
GAZP,0,20130802,10:10:24,131.100000000,1 230
GAZP,0,20130802,10:10:25,131.100000000,10
GAZP,0,20130802,10:10:25,131.100000000,1 550
GAZP,0,20130802,10:10:25,131.100000000,100
GAZP,0,20130802,10:10:25,131.100000000,10
GAZP,0,20130802,10:10:26,131.160000000,3 150
GAZP,0,20130802,10:10:30,131.110000000,20
GAZP,0,20130802,10:10:30,131.100000000,360
GAZP,0,20130802,10:10:30,131.130000000,80
GAZP,0,20130802,10:10:30,131.140000000,100
GAZP,0,20130802,10:10:30,131.150000000,260
GAZP,0,20130802,10:10:31,131.150000000,550
GAZP,0,20130802,10:10:32,131.150000000,440
GAZP,0,20130802,10:10:32,131.150000000,350
GAZP,0,20130802,10:10:32,131.150000000,550
GAZP,0,20130802,10:10:34,131.100000000,10
GAZP,0,20130802,10:10:35,131.150000000,250
GAZP,0,20130802,10:10:36,131.150000000,10
GAZP,0,20130802,10:10:39,131.100000000,10
GAZP,0,20130802,10:10:40,131.140000000,80
GAZP,0,20130802,10:10:40,131.150000000,20
GAZP,0,20130802,10:10:41,131.150000000,30
GAZP,0,20130802,10:10:49,131.100000000,10
GAZP,0,20130802,10:10:49,131.100000000,100
GAZP,0,20130802,10:10:49,131.100000000,200
GAZP,0,20130802,10:10:49,131.100000000,20
GAZP,0,20130802,10:10:49,131.100000000,30
GAZP,0,20130802,10:10:49,131.100000000,2 000
GAZP,0,20130802,10:10:49,131.100000000,7 000
GAZP,0,20130802,10:10:50,131.080000000,10
GAZP,0,20130802,10:10:50,131.080000000,10
GAZP,0,20130802,10:10:50,131.100000000,2 340
GAZP,0,20130802,10:10:50,131.090000000,80
GAZP,0,20130802,10:10:50,131.080000000,10
GAZP,0,20130802,10:10:51,131.070000000,10
GAZP,0,20130802,10:10:51,131.070000000,10
GAZP,0,20130802,10:10:52,131.070000000,10
GAZP,0,20130802,10:10:52,131.090000000,10
GAZP,0,20130802,10:10:52,131.070000000,10
GAZP,0,20130802,10:10:53,131.080000000,10
GAZP,0,20130802,10:10:53,131.090000000,30
GAZP,0,20130802,10:10:53,131.090000000,4 960
GAZP,0,20130802,10:10:54,131.080000000,10
GAZP,0,20130802,10:10:54,131.080000000,10
GAZP,0,20130802,10:10:55,131.070000000,10
GAZP,0,20130802,10:10:56,131.070000000,10
GAZP,0,20130802,10:10:56,131.070000000,10
GAZP,0,20130802,10:10:56,131.100000000,1 250
GAZP,0,20130802,10:10:56,131.070000000,10
GAZP,0,20130802,10:10:57,131.070000000,10
GAZP,0,20130802,10:10:57,131.100000000,20
GAZP,0,20130802,10:10:57,131.090000000,20
GAZP,0,20130802,10:10:57,131.090000000,470
GAZP,0,20130802,10:10:58,131.070000000,60
GAZP,0,20130802,10:10:58,131.070000000,20
GAZP,0,20130802,10:10:58,131.070000000,1 420
GAZP,0,20130802,10:10:58,131.060000000,10
GAZP,0,20130802,10:10:59,131.060000000,10
GAZP,0,20130802,10:10:59,131.100000000,510
GAZP,0,20130802,10:10:59,131.060000000,10
GAZP,0,20130802,10:10:59,131.070000000,10
GAZP,0,20130802,10:11:00,131.060000000,10
GAZP,0,20130802,10:11:00,131.090000000,80
GAZP,0,20130802,10:11:00,131.100000000,360
GAZP,0,20130802,10:11:00,131.060000000,10
GAZP,0,20130802,10:11:01,131.090000000,4 490
GAZP,0,20130802,10:11:01,131.090000000,200
GAZP,0,20130802,10:11:01,131.060000000,10
GAZP,0,20130802,10:11:01,131.090000000,260
GAZP,0,20130802,10:11:01,131.100000000,180
GAZP,0,20130802,10:11:02,131.090000000,680
GAZP,0,20130802,10:11:02,131.100000000,730
GAZP,0,20130802,10:11:02,131.060000000,10
GAZP,0,20130802,10:11:03,131.100000000,1 500
GAZP,0,20130802,10:11:03,131.100000000,1 500
GAZP,0,20130802,10:11:03,131.100000000,330
GAZP,0,20130802,10:11:03,131.070000000,10
GAZP,0,20130802,10:11:04,131.070000000,10
GAZP,0,20130802,10:11:05,131.100000000,3 000
GAZP,0,20130802,10:11:05,131.100000000,840
GAZP,0,20130802,10:11:07,131.090000000,100
GAZP,0,20130802,10:11:07,131.100000000,600
GAZP,0,20130802,10:11:07,131.100000000,1 100
GAZP,0,20130802,10:11:08,131.100000000,200
GAZP,0,20130802,10:11:08,131.100000000,1 250
GAZP,0,20130802,10:11:08,131.100000000,5 000
GAZP,0,20130802,10:11:09,131.100000000,5 000
GAZP,0,20130802,10:11:09,131.100000000,1 480
GAZP,0,20130802,10:11:09,131.100000000,1 190
GAZP,0,20130802,10:11:09,131.100000000,310
GAZP,0,20130802,10:11:09,131.100000000,170
GAZP,0,20130802,10:11:09,131.100000000,3 000
GAZP,0,20130802,10:11:09,131.100000000,610
GAZP,0,20130802,10:11:09,131.100000000,370
GAZP,0,20130802,10:11:09,131.100000000,170
GAZP,0,20130802,10:11:09,131.100000000,570
GAZP,0,20130802,10:11:10,131.100000000,10
GAZP,0,20130802,10:11:10,131.090000000,80
GAZP,0,20130802,10:11:11,131.090000000,100
GAZP,0,20130802,10:11:11,131.090000000,520
GAZP,0,20130802,10:11:11,131.090000000,1 500
GAZP,0,20130802,10:11:11,131.090000000,400
GAZP,0,20130802,10:11:11,131.100000000,2 510
GAZP,0,20130802,10:11:11,131.100000000,1 970
GAZP,0,20130802,10:11:11,131.100000000,230
GAZP,0,20130802,10:11:11,131.100000000,410
GAZP,0,20130802,10:11:11,131.100000000,100
GAZP,0,20130802,10:11:13,131.100000000,100
GAZP,0,20130802,10:11:14,131.100000000,500
GAZP,0,20130802,10:11:14,131.090000000,20
GAZP,0,20130802,10:11:16,131.090000000,100
GAZP,0,20130802,10:11:16,131.090000000,100
GAZP,0,20130802,10:11:16,131.090000000,1 500
GAZP,0,20130802,10:11:16,131.090000000,280
GAZP,0,20130802,10:11:16,131.100000000,20
GAZP,0,20130802,10:11:16,131.100000000,200
GAZP,0,20130802,10:11:16,131.100000000,1 500
GAZP,0,20130802,10:11:16,131.100000000,1 500
GAZP,0,20130802,10:11:16,131.100000000,410
GAZP,0,20130802,10:11:16,131.100000000,700
GAZP,0,20130802,10:11:16,131.150000000,500
GAZP,0,20130802,10:11:16,131.150000000,200
GAZP,0,20130802,10:11:17,131.150000000,300
GAZP,0,20130802,10:11:17,131.140000000,150
GAZP,0,20130802,10:11:18,131.150000000,40
GAZP,0,20130802,10:11:18,131.150000000,1 980
GAZP,0,20130802,10:11:20,131.140000000,50
GAZP,0,20130802,10:11:23,131.130000000,500
GAZP,0,20130802,10:11:23,131.140000000,30
GAZP,0,20130802,10:11:23,131.140000000,100
GAZP,0,20130802,10:11:24,131.140000000,200
GAZP,0,20130802,10:11:25,131.140000000,200
GAZP,0,20130802,10:11:26,131.140000000,2 500
GAZP,0,20130802,10:11:26,131.140000000,1 310
GAZP,0,20130802,10:11:26,131.150000000,100
GAZP,0,20130802,10:11:29,131.140000000,960
GAZP,0,20130802,10:11:34,131.090000000,10
GAZP,0,20130802,10:11:34,131.090000000,10
GAZP,0,20130802,10:11:34,131.090000000,880
GAZP,0,20130802,10:11:34,131.090000000,600
GAZP,0,20130802,10:11:34,131.090000000,1 500
GAZP,0,20130802,10:11:34,131.090000000,1 000
GAZP,0,20130802,10:11:34,131.080000000,10
GAZP,0,20130802,10:11:35,131.070000000,10
GAZP,0,20130802,10:11:35,131.130000000,50
GAZP,0,20130802,10:11:35,131.130000000,950
GAZP,0,20130802,10:11:35,131.070000000,10
GAZP,0,20130802,10:11:36,131.070000000,10
GAZP,0,20130802,10:11:36,131.070000000,3 970
GAZP,0,20130802,10:11:36,131.070000000,10
GAZP,0,20130802,10:11:36,131.060000000,10
GAZP,0,20130802,10:11:36,131.120000000,100
GAZP,0,20130802,10:11:37,131.070000000,10
GAZP,0,20130802,10:11:37,131.120000000,200
GAZP,0,20130802,10:11:37,131.070000000,490
GAZP,0,20130802,10:11:37,131.060000000,420
GAZP,0,20130802,10:11:37,131.060000000,3 510
GAZP,0,20130802,10:11:37,131.060000000,10
GAZP,0,20130802,10:11:37,131.060000000,10
GAZP,0,20130802,10:11:37,131.060000000,470
GAZP,0,20130802,10:11:37,131.060000000,10
GAZP,0,20130802,10:11:38,131.050000000,10
GAZP,0,20130802,10:11:38,131.050000000,10
GAZP,0,20130802,10:11:38,131.050000000,80
GAZP,0,20130802,10:11:38,131.050000000,40
GAZP,0,20130802,10:11:38,131.050000000,10
GAZP,0,20130802,10:11:38,131.050000000,5 900
GAZP,0,20130802,10:11:38,131.050000000,600
GAZP,0,20130802,10:11:38,131.050000000,500
GAZP,0,20130802,10:11:38,131.050000000,2 000
GAZP,0,20130802,10:11:39,131.050000000,10
GAZP,0,20130802,10:11:39,131.100000000,320
GAZP,0,20130802,10:11:39,131.100000000,40
GAZP,0,20130802,10:11:39,131.110000000,1 500
GAZP,0,20130802,10:11:39,131.130000000,440
GAZP,0,20130802,10:11:39,131.060000000,10
GAZP,0,20130802,10:11:39,131.040000000,10
GAZP,0,20130802,10:11:39,131.120000000,40
GAZP,0,20130802,10:11:39,131.120000000,20
GAZP,0,20130802,10:11:39,131.120000000,140
GAZP,0,20130802,10:11:39,131.050000000,10
GAZP,0,20130802,10:11:39,131.050000000,90
GAZP,0,20130802,10:11:39,131.040000000,20
GAZP,0,20130802,10:11:39,131.040000000,30
GAZP,0,20130802,10:11:39,131.040000000,1 410
GAZP,0,20130802,10:11:39,131.030000000,10
GAZP,0,20130802,10:11:40,131.050000000,10
GAZP,0,20130802,10:11:40,131.050000000,640
GAZP,0,20130802,10:11:40,131.040000000,70
GAZP,0,20130802,10:11:40,131.040000000,10
GAZP,0,20130802,10:11:41,131.040000000,520
GAZP,0,20130802,10:11:41,131.030000000,10
GAZP,0,20130802,10:11:41,131.040000000,10
GAZP,0,20130802,10:11:41,131.040000000,300
GAZP,0,20130802,10:11:41,131.030000000,10
GAZP,0,20130802,10:11:41,131.040000000,210
GAZP,0,20130802,10:11:41,131.050000000,10
GAZP,0,20130802,10:11:41,131.090000000,920
GAZP,0,20130802,10:11:41,131.110000000,1 410
GAZP,0,20130802,10:11:41,131.120000000,500
GAZP,0,20130802,10:11:41,131.120000000,200
GAZP,0,20130802,10:11:41,131.120000000,200
GAZP,0,20130802,10:11:41,131.040000000,10
GAZP,0,20130802,10:11:42,131.040000000,980
GAZP,0,20130802,10:11:42,131.040000000,10
GAZP,0,20130802,10:11:42,131.040000000,10
GAZP,0,20130802,10:11:43,131.040000000,10
GAZP,0,20130802,10:11:43,131.040000000,10
GAZP,0,20130802,10:11:44,131.040000000,10
GAZP,0,20130802,10:11:44,131.050000000,10
GAZP,0,20130802,10:11:44,131.110000000,440
GAZP,0,20130802,10:11:44,131.050000000,10
GAZP,0,20130802,10:11:44,131.050000000,10
GAZP,0,20130802,10:11:45,131.050000000,10
GAZP,0,20130802,10:11:45,131.060000000,10
GAZP,0,20130802,10:11:46,131.060000000,10
GAZP,0,20130802,10:11:46,131.050000000,10
GAZP,0,20130802,10:11:47,131.090000000,20
GAZP,0,20130802,10:11:47,131.050000000,10
GAZP,0,20130802,10:11:48,131.050000000,10
GAZP,0,20130802,10:11:48,131.050000000,10
GAZP,0,20130802,10:11:49,131.090000000,150
GAZP,0,20130802,10:11:49,131.050000000,10
GAZP,0,20130802,10:11:49,131.050000000,10
GAZP,0,20130802,10:11:50,131.050000000,10
GAZP,0,20130802,10:11:50,131.090000000,10
GAZP,0,20130802,10:11:50,131.050000000,10
GAZP,0,20130802,10:11:50,131.050000000,10
GAZP,0,20130802,10:11:51,131.090000000,50
GAZP,0,20130802,10:11:51,131.050000000,10
GAZP,0,20130802,10:11:51,131.060000000,10
GAZP,0,20130802,10:11:52,131.060000000,10
GAZP,0,20130802,10:11:53,131.080000000,20
GAZP,0,20130802,10:12:02,131.080000000,20
GAZP,0,20130802,10:12:03,131.050000000,360
GAZP,0,20130802,10:12:03,131.050000000,20
GAZP,0,20130802,10:12:03,131.050000000,6 000
GAZP,0,20130802,10:12:03,131.050000000,990
GAZP,0,20130802,10:12:04,131.050000000,10
GAZP,0,20130802,10:12:05,131.050000000,1 850
GAZP,0,20130802,10:12:06,131.050000000,100
GAZP,0,20130802,10:12:06,131.050000000,100
GAZP,0,20130802,10:12:08,131.050000000,50
GAZP,0,20130802,10:12:14,131.040000000,30
GAZP,0,20130802,10:12:24,131.050000000,140
GAZP,0,20130802,10:12:24,131.050000000,380
GAZP,0,20130802,10:12:26,131.050000000,1 620
GAZP,0,20130802,10:12:26,131.040000000,150
GAZP,0,20130802,10:12:26,131.040000000,20
GAZP,0,20130802,10:12:26,131.040000000,10
GAZP,0,20130802,10:12:26,131.040000000,20
GAZP,0,20130802,10:12:26,131.030000000,1 500
GAZP,0,20130802,10:12:26,131.030000000,500
GAZP,0,20130802,10:12:26,131.020000000,100
GAZP,0,20130802,10:12:26,131.020000000,1 000
GAZP,0,20130802,10:12:26,131.020000000,1 000
GAZP,0,20130802,10:12:26,131.020000000,790
GAZP,0,20130802,10:12:26,131.010000000,50
GAZP,0,20130802,10:12:26,131.010000000,500
GAZP,0,20130802,10:12:26,131.010000000,500
GAZP,0,20130802,10:12:26,131.010000000,1 000
GAZP,0,20130802,10:12:26,131.010000000,6 000
GAZP,0,20130802,10:12:26,131.010000000,80
GAZP,0,20130802,10:12:26,131.010000000,10 000
GAZP,0,20130802,10:12:26,131.010000000,80
GAZP,0,20130802,10:12:26,131.010000000,200
GAZP,0,20130802,10:12:26,131.000000000,1 000
GAZP,0,20130802,10:12:26,131.000000000,500
GAZP,0,20130802,10:12:26,131.000000000,800
GAZP,0,20130802,10:12:26,131.000000000,10
GAZP,0,20130802,10:12:26,131.000000000,2 100
GAZP,0,20130802,10:12:26,131.000000000,2 290
GAZP,0,20130802,10:12:26,131.000000000,30
GAZP,0,20130802,10:12:26,131.000000000,6 290
GAZP,0,20130802,10:12:26,131.000000000,180
GAZP,0,20130802,10:12:26,131.000000000,40
GAZP,0,20130802,10:12:26,131.000000000,10
GAZP,0,20130802,10:12:26,131.000000000,3 000
GAZP,0,20130802,10:12:26,131.000000000,100
GAZP,0,20130802,10:12:26,130.990000000,1 200
GAZP,0,20130802,10:12:26,131.000000000,1 800
GAZP,0,20130802,10:12:26,131.000000000,1 500
GAZP,0,20130802,10:12:26,131.000000000,500
GAZP,0,20130802,10:12:26,131.000000000,2 000
GAZP,0,20130802,10:12:26,130.980000000,10
GAZP,0,20130802,10:12:26,130.980000000,200
GAZP,0,20130802,10:12:26,131.000000000,11 540
GAZP,0,20130802,10:12:26,131.000000000,200
GAZP,0,20130802,10:12:26,131.000000000,1 000
GAZP,0,20130802,10:12:26,130.960000000,100
GAZP,0,20130802,10:12:26,130.960000000,30
GAZP,0,20130802,10:12:26,130.960000000,70
GAZP,0,20130802,10:12:27,130.960000000,5 630
GAZP,0,20130802,10:12:27,130.960000000,1 500
GAZP,0,20130802,10:12:27,130.950000000,100
GAZP,0,20130802,10:12:27,130.950000000,100
GAZP,0,20130802,10:12:27,130.940000000,300
GAZP,0,20130802,10:12:27,130.970000000,10
GAZP,0,20130802,10:12:27,130.970000000,20
GAZP,0,20130802,10:12:27,130.940000000,140
GAZP,0,20130802,10:12:27,130.940000000,600
GAZP,0,20130802,10:12:28,130.940000000,600
GAZP,0,20130802,10:12:28,130.940000000,740
GAZP,0,20130802,10:12:28,130.940000000,260
GAZP,0,20130802,10:12:28,130.940000000,2 000
GAZP,0,20130802,10:12:28,130.930000000,10
GAZP,0,20130802,10:12:29,130.940000000,2 000
GAZP,0,20130802,10:12:29,130.970000000,310
GAZP,0,20130802,10:12:29,130.970000000,660
GAZP,0,20130802,10:12:29,130.970000000,1 500
GAZP,0,20130802,10:12:29,130.980000000,1 380
GAZP,0,20130802,10:12:29,130.930000000,1 990
GAZP,0,20130802,10:12:29,130.930000000,500
GAZP,0,20130802,10:12:29,130.930000000,2 000
GAZP,0,20130802,10:12:30,130.950000000,20
GAZP,0,20130802,10:12:30,130.930000000,370
GAZP,0,20130802,10:12:31,130.970000000,60
GAZP,0,20130802,10:12:31,130.970000000,70
GAZP,0,20130802,10:12:31,130.970000000,710
GAZP,0,20130802,10:12:31,130.970000000,140
GAZP,0,20130802,10:12:31,130.970000000,170
GAZP,0,20130802,10:12:31,130.970000000,30
GAZP,0,20130802,10:12:31,130.970000000,30
GAZP,0,20130802,10:12:31,130.960000000,20
GAZP,0,20130802,10:12:31,130.940000000,580
GAZP,0,20130802,10:12:32,130.970000000,630
GAZP,0,20130802,10:12:32,130.970000000,1 500
GAZP,0,20130802,10:12:32,130.980000000,50
GAZP,0,20130802,10:12:33,130.980000000,20
GAZP,0,20130802,10:12:35,130.980000000,1 150
GAZP,0,20130802,10:12:35,130.980000000,2 310
GAZP,0,20130802,10:12:35,130.980000000,580
GAZP,0,20130802,10:12:35,130.980000000,1 500
GAZP,0,20130802,10:12:35,130.990000000,400
GAZP,0,20130802,10:12:35,130.990000000,580
GAZP,0,20130802,10:12:35,131.000000000,6 760
GAZP,0,20130802,10:12:35,131.000000000,170
GAZP,0,20130802,10:12:35,131.000000000,2 000
GAZP,0,20130802,10:12:35,131.000000000,200
GAZP,0,20130802,10:12:35,131.000000000,300
GAZP,0,20130802,10:12:35,131.000000000,400
GAZP,0,20130802,10:12:35,131.000000000,1 400
GAZP,0,20130802,10:12:35,131.000000000,1 500
GAZP,0,20130802,10:12:35,131.000000000,100
GAZP,0,20130802,10:12:35,131.000000000,500
GAZP,0,20130802,10:12:35,131.000000000,200
GAZP,0,20130802,10:12:35,131.000000000,100
GAZP,0,20130802,10:12:36,130.990000000,9 800
GAZP,0,20130802,10:12:36,131.000000000,200
GAZP,0,20130802,10:12:38,131.000000000,100
GAZP,0,20130802,10:12:38,131.000000000,7 560
GAZP,0,20130802,10:12:39,131.000000000,7 640
GAZP,0,20130802,10:12:39,131.000000000,520
GAZP,0,20130802,10:12:39,131.000000000,200
GAZP,0,20130802,10:12:39,131.000000000,20
GAZP,0,20130802,10:12:40,131.000000000,600
GAZP,0,20130802,10:12:41,131.000000000,2 250
GAZP,0,20130802,10:12:42,131.000000000,22 390
GAZP,0,20130802,10:12:42,131.000000000,1 200
GAZP,0,20130802,10:12:42,131.000000000,1 000
GAZP,0,20130802,10:12:42,131.000000000,1 500
GAZP,0,20130802,10:12:42,131.000000000,400
GAZP,0,20130802,10:12:42,131.000000000,3 000
GAZP,0,20130802,10:12:42,131.000000000,2 780
GAZP,0,20130802,10:12:42,131.000000000,1 870
GAZP,0,20130802,10:12:43,131.030000000,100
GAZP,0,20130802,10:12:43,131.010000000,100
GAZP,0,20130802,10:12:43,131.010000000,180
GAZP,0,20130802,10:12:43,131.030000000,10
GAZP,0,20130802,10:12:43,131.030000000,20
GAZP,0,20130802,10:12:44,131.020000000,20
GAZP,0,20130802,10:12:44,131.010000000,1 320
GAZP,0,20130802,10:12:44,131.010000000,1 500
GAZP,0,20130802,10:12:44,131.010000000,1 000
GAZP,0,20130802,10:12:44,131.010000000,180
GAZP,0,20130802,10:12:44,131.010000000,20
GAZP,0,20130802,10:12:44,131.010000000,60
GAZP,0,20130802,10:12:44,131.020000000,940
GAZP,0,20130802,10:12:44,131.000000000,350
GAZP,0,20130802,10:12:44,131.000000000,1 320
GAZP,0,20130802,10:12:44,130.990000000,20
GAZP,0,20130802,10:12:44,131.030000000,120
GAZP,0,20130802,10:12:44,131.030000000,100
GAZP,0,20130802,10:12:44,131.030000000,1 050
GAZP,0,20130802,10:12:44,131.030000000,200
GAZP,0,20130802,10:12:44,131.030000000,260
GAZP,0,20130802,10:12:44,131.020000000,40
GAZP,0,20130802,10:12:45,131.030000000,10 140
GAZP,0,20130802,10:12:45,131.030000000,180
GAZP,0,20130802,10:12:45,130.960000000,10
GAZP,0,20130802,10:12:46,130.990000000,10
GAZP,0,20130802,10:12:46,130.990000000,40
GAZP,0,20130802,10:12:46,130.990000000,1 500
GAZP,0,20130802,10:12:46,130.990000000,1 500
GAZP,0,20130802,10:12:46,130.980000000,40
GAZP,0,20130802,10:12:46,130.990000000,10
GAZP,0,20130802,10:12:47,130.980000000,10
GAZP,0,20130802,10:12:47,131.020000000,50
GAZP,0,20130802,10:12:47,131.020000000,450
GAZP,0,20130802,10:12:47,130.980000000,10
GAZP,0,20130802,10:12:47,131.020000000,1 200
GAZP,0,20130802,10:12:47,131.030000000,150
GAZP,0,20130802,10:12:47,130.980000000,10
GAZP,0,20130802,10:12:48,130.980000000,970
GAZP,0,20130802,10:12:48,130.980000000,10
GAZP,0,20130802,10:12:48,130.950000000,10
GAZP,0,20130802,10:12:48,130.940000000,10
GAZP,0,20130802,10:12:49,130.940000000,10
GAZP,0,20130802,10:12:49,130.940000000,980
GAZP,0,20130802,10:12:49,130.940000000,10
GAZP,0,20130802,10:12:49,130.940000000,600
GAZP,0,20130802,10:12:49,130.940000000,10
GAZP,0,20130802,10:12:49,130.940000000,1 010
GAZP,0,20130802,10:12:49,130.940000000,100
GAZP,0,20130802,10:12:50,130.940000000,10
GAZP,0,20130802,10:12:50,130.940000000,100
GAZP,0,20130802,10:12:50,130.940000000,20
GAZP,0,20130802,10:12:50,130.940000000,1 370
GAZP,0,20130802,10:12:50,130.930000000,10
GAZP,0,20130802,10:12:50,130.990000000,10
GAZP,0,20130802,10:12:50,130.990000000,1 300
GAZP,0,20130802,10:12:50,130.930000000,10
GAZP,0,20130802,10:12:51,130.930000000,1 200
GAZP,0,20130802,10:12:51,130.920000000,10
GAZP,0,20130802,10:12:51,130.930000000,500
GAZP,0,20130802,10:12:51,130.930000000,200
GAZP,0,20130802,10:12:51,130.920000000,10
GAZP,0,20130802,10:12:51,130.920000000,2 980
GAZP,0,20130802,10:12:51,130.920000000,30
GAZP,0,20130802,10:12:51,130.920000000,1 000
GAZP,0,20130802,10:12:51,130.920000000,20
GAZP,0,20130802,10:12:52,130.910000000,10
GAZP,0,20130802,10:12:52,130.990000000,10
GAZP,0,20130802,10:12:52,131.000000000,490
GAZP,0,20130802,10:12:52,131.000000000,200
GAZP,0,20130802,10:12:52,130.930000000,10
GAZP,0,20130802,10:12:52,130.930000000,490
GAZP,0,20130802,10:12:52,130.920000000,180
GAZP,0,20130802,10:12:52,130.910000000,10
GAZP,0,20130802,10:12:53,130.980000000,20
GAZP,0,20130802,10:12:53,130.980000000,40
GAZP,0,20130802,10:12:53,130.990000000,140
GAZP,0,20130802,10:12:53,130.990000000,40
GAZP,0,20130802,10:12:53,131.000000000,60
GAZP,0,20130802,10:12:53,130.930000000,10
GAZP,0,20130802,10:12:53,130.990000000,10
GAZP,0,20130802,10:12:53,131.000000000,190
GAZP,0,20130802,10:12:53,130.930000000,1 500
GAZP,0,20130802,10:12:53,130.920000000,160
GAZP,0,20130802,10:12:53,131.000000000,60
GAZP,0,20130802,10:12:53,131.000000000,40
GAZP,0,20130802,10:12:53,131.000000000,960
GAZP,0,20130802,10:12:53,131.000000000,660
GAZP,0,20130802,10:12:53,130.940000000,10
GAZP,0,20130802,10:12:53,130.940000000,290
GAZP,0,20130802,10:12:53,130.940000000,10
GAZP,0,20130802,10:12:54,130.930000000,10
GAZP,0,20130802,10:12:54,130.940000000,10
GAZP,0,20130802,10:12:54,130.940000000,590
GAZP,0,20130802,10:12:54,130.930000000,20
GAZP,0,20130802,10:12:55,130.930000000,8 850
GAZP,0,20130802,10:12:56,131.000000000,340
GAZP,0,20130802,10:12:56,131.000000000,600
GAZP,0,20130802,10:12:56,131.000000000,1 500
GAZP,0,20130802,10:12:56,131.000000000,790
GAZP,0,20130802,10:12:56,130.940000000,10
GAZP,0,20130802,10:12:57,130.940000000,10
GAZP,0,20130802,10:12:57,130.920000000,10
GAZP,0,20130802,10:12:58,130.920000000,1 830
GAZP,0,20130802,10:12:58,130.920000000,20
GAZP,0,20130802,10:12:58,130.920000000,900
GAZP,0,20130802,10:12:58,130.960000000,300
GAZP,0,20130802,10:12:58,131.010000000,200
GAZP,0,20130802,10:12:59,131.010000000,820
GAZP,0,20130802,10:13:00,130.940000000,10
GAZP,0,20130802,10:13:00,130.930000000,10
GAZP,0,20130802,10:13:01,130.920000000,10
GAZP,0,20130802,10:13:01,130.920000000,1 010
GAZP,0,20130802,10:13:01,130.920000000,180
GAZP,0,20130802,10:13:02,130.960000000,200
GAZP,0,20130802,10:13:02,130.990000000,200
GAZP,0,20130802,10:13:02,131.000000000,500
GAZP,0,20130802,10:13:02,130.960000000,100
GAZP,0,20130802,10:13:02,130.950000000,1 790
GAZP,0,20130802,10:13:03,131.000000000,560
GAZP,0,20130802,10:13:03,130.950000000,610
GAZP,0,20130802,10:13:03,130.930000000,10
GAZP,0,20130802,10:13:04,130.990000000,10
GAZP,0,20130802,10:13:04,130.990000000,290
GAZP,0,20130802,10:13:04,130.930000000,1 780
GAZP,0,20130802,10:13:04,130.920000000,500
GAZP,0,20130802,10:13:04,130.910000000,480
GAZP,0,20130802,10:13:04,130.910000000,50
GAZP,0,20130802,10:13:04,130.910000000,20
GAZP,0,20130802,10:13:04,130.910000000,100
GAZP,0,20130802,10:13:04,130.910000000,560
GAZP,0,20130802,10:13:04,130.900000000,20
GAZP,0,20130802,10:13:04,130.900000000,70
GAZP,0,20130802,10:13:04,130.900000000,2 000
GAZP,0,20130802,10:13:04,130.900000000,1 200
GAZP,0,20130802,10:13:05,130.960000000,100
GAZP,0,20130802,10:13:05,130.910000000,1 000
GAZP,0,20130802,10:13:05,130.910000000,380
GAZP,0,20130802,10:13:05,130.960000000,400
GAZP,0,20130802,10:13:05,130.970000000,1 500
GAZP,0,20130802,10:13:05,130.980000000,470
GAZP,0,20130802,10:13:05,130.920000000,500
GAZP,0,20130802,10:13:05,130.910000000,220
GAZP,0,20130802,10:13:05,130.910000000,500
GAZP,0,20130802,10:13:05,130.910000000,10
GAZP,0,20130802,10:13:05,130.910000000,500
GAZP,0,20130802,10:13:06,130.910000000,100
GAZP,0,20130802,10:13:06,130.910000000,400
GAZP,0,20130802,10:13:06,130.910000000,10
GAZP,0,20130802,10:13:06,130.910000000,90
GAZP,0,20130802,10:13:06,130.910000000,600
GAZP,0,20130802,10:13:07,130.900000000,10
GAZP,0,20130802,10:13:07,130.900000000,10
GAZP,0,20130802,10:13:07,130.900000000,6 000
GAZP,0,20130802,10:13:08,130.910000000,10
GAZP,0,20130802,10:13:09,130.970000000,500
GAZP,0,20130802,10:13:09,130.970000000,1 500
GAZP,0,20130802,10:13:09,130.970000000,510
GAZP,0,20130802,10:13:09,130.980000000,100
GAZP,0,20130802,10:13:10,130.920000000,500
GAZP,0,20130802,10:13:10,130.910000000,400
GAZP,0,20130802,10:13:10,130.900000000,2 780
GAZP,0,20130802,10:13:10,130.900000000,5 000
GAZP,0,20130802,10:13:10,130.890000000,500
GAZP,0,20130802,10:13:10,130.890000000,2 300
GAZP,0,20130802,10:13:10,130.880000000,30
GAZP,0,20130802,10:13:10,130.880000000,90
GAZP,0,20130802,10:13:10,130.880000000,1 500
GAZP,0,20130802,10:13:10,130.880000000,7 280
GAZP,0,20130802,10:13:10,130.880000000,500
GAZP,0,20130802,10:13:11,130.950000000,500
GAZP,0,20130802,10:13:11,130.960000000,1 000
GAZP,0,20130802,10:13:11,130.960000000,1 500
GAZP,0,20130802,10:13:11,130.980000000,2 220
GAZP,0,20130802,10:13:11,130.880000000,10
GAZP,0,20130802,10:13:13,130.880000000,2 210
GAZP,0,20130802,10:13:13,130.880000000,1 000
GAZP,0,20130802,10:13:13,130.880000000,1 000
GAZP,0,20130802,10:13:13,130.880000000,600
GAZP,0,20130802,10:13:13,130.870000000,2 360
GAZP,0,20130802,10:13:13,130.860000000,100
GAZP,0,20130802,10:13:13,130.860000000,10
GAZP,0,20130802,10:13:13,130.860000000,700
GAZP,0,20130802,10:13:13,130.860000000,1 300
GAZP,0,20130802,10:13:13,130.860000000,1 570
GAZP,0,20130802,10:13:13,130.860000000,1 720
GAZP,0,20130802,10:13:13,130.860000000,90
GAZP,0,20130802,10:13:13,130.850000000,10
GAZP,0,20130802,10:13:14,130.920000000,10
GAZP,0,20130802,10:13:14,130.860000000,10
GAZP,0,20130802,10:13:14,130.860000000,590
GAZP,0,20130802,10:13:14,130.860000000,80
GAZP,0,20130802,10:13:14,130.870000000,10
GAZP,0,20130802,10:13:14,130.940000000,3 180
GAZP,0,20130802,10:13:15,130.900000000,10
GAZP,0,20130802,10:13:15,130.900000000,10
GAZP,0,20130802,10:13:15,130.890000000,20
GAZP,0,20130802,10:13:15,130.860000000,70
GAZP,0,20130802,10:13:15,130.900000000,10
GAZP,0,20130802,10:13:15,130.870000000,90
GAZP,0,20130802,10:13:15,130.860000000,10
GAZP,0,20130802,10:13:16,130.860000000,10
GAZP,0,20130802,10:13:17,130.870000000,10
GAZP,0,20130802,10:13:17,130.870000000,100
GAZP,0,20130802,10:13:17,130.860000000,10
GAZP,0,20130802,10:13:17,130.910000000,90
GAZP,0,20130802,10:13:17,130.930000000,160
GAZP,0,20130802,10:13:18,130.910000000,10
GAZP,0,20130802,10:13:18,130.920000000,10
GAZP,0,20130802,10:13:19,130.910000000,10
GAZP,0,20130802,10:13:19,130.860000000,10
GAZP,0,20130802,10:13:20,130.870000000,80
GAZP,0,20130802,10:13:21,130.940000000,10
GAZP,0,20130802,10:13:22,130.900000000,10
GAZP,0,20130802,10:13:23,130.880000000,10
GAZP,0,20130802,10:13:23,130.920000000,30
GAZP,0,20130802,10:13:23,130.880000000,10
GAZP,0,20130802,10:13:23,130.880000000,10
GAZP,0,20130802,10:13:24,130.920000000,60
GAZP,0,20130802,10:13:24,130.920000000,10
GAZP,0,20130802,10:13:25,130.960000000,500
GAZP,0,20130802,10:13:25,130.990000000,100
GAZP,0,20130802,10:13:25,130.930000000,10
GAZP,0,20130802,10:13:26,130.990000000,170
GAZP,0,20130802,10:13:30,130.940000000,10
GAZP,0,20130802,10:13:32,131.000000000,10
GAZP,0,20130802,10:13:33,130.970000000,100
GAZP,0,20130802,10:13:34,130.970000000,50
GAZP,0,20130802,10:13:35,130.970000000,30
GAZP,0,20130802,10:13:36,130.960000000,10
GAZP,0,20130802,10:13:36,130.970000000,10
GAZP,0,20130802,10:13:38,130.970000000,10
GAZP,0,20130802,10:13:38,130.970000000,10
GAZP,0,20130802,10:13:39,130.970000000,50
GAZP,0,20130802,10:13:39,130.960000000,10
GAZP,0,20130802,10:13:40,130.970000000,100
GAZP,0,20130802,10:13:41,130.970000000,200
GAZP,0,20130802,10:13:41,130.970000000,90
GAZP,0,20130802,10:13:42,130.970000000,200
GAZP,0,20130802,10:13:43,130.960000000,10
GAZP,0,20130802,10:13:43,130.960000000,10
GAZP,0,20130802,10:13:45,130.970000000,60
GAZP,0,20130802,10:13:47,130.960000000,10
GAZP,0,20130802,10:13:48,130.960000000,10
GAZP,0,20130802,10:13:49,130.970000000,390
GAZP,0,20130802,10:13:51,130.990000000,100
GAZP,0,20130802,10:13:53,130.970000000,10
GAZP,0,20130802,10:13:53,130.970000000,10
GAZP,0,20130802,10:13:53,130.970000000,10
GAZP,0,20130802,10:13:54,130.970000000,10
GAZP,0,20130802,10:13:54,130.970000000,10
GAZP,0,20130802,10:13:54,130.970000000,10
GAZP,0,20130802,10:13:55,130.970000000,10
GAZP,0,20130802,10:13:57,130.990000000,20
GAZP,0,20130802,10:13:58,130.960000000,10
GAZP,0,20130802,10:13:58,130.960000000,10
GAZP,0,20130802,10:13:58,130.960000000,10
GAZP,0,20130802,10:13:59,130.960000000,10
