<TICKER>,<PER>,<DATE>,<TIME>,<LAST>,<VOL>
GAZP,0,20130902,09:59:59,132.170000000,200
GAZP,0,20130902,09:59:59,132.170000000,4 800
GAZP,0,20130902,09:59:59,132.170000000,5 000
GAZP,0,20130902,09:59:59,132.170000000,600
GAZP,0,20130902,09:59:59,132.170000000,600
GAZP,0,20130902,09:59:59,132.170000000,1 000
GAZP,0,20130902,09:59:59,132.170000000,20
GAZP,0,20130902,09:59:59,132.170000000,100
GAZP,0,20130902,09:59:59,132.170000000,120
GAZP,0,20130902,10:00:01,132.200000000,400
GAZP,0,20130902,10:00:01,132.200000000,100
GAZP,0,20130902,10:00:01,132.200000000,100
GAZP,0,20130902,10:00:01,132.200000000,300
GAZP,0,20130902,10:00:01,132.200000000,100
GAZP,0,20130902,10:00:01,132.200000000,100
GAZP,0,20130902,10:00:01,132.200000000,1 000
GAZP,0,20130902,10:00:01,132.200000000,100
GAZP,0,20130902,10:00:01,132.200000000,560
GAZP,0,20130902,10:00:01,132.100000000,340
GAZP,0,20130902,10:00:01,132.100000000,100
GAZP,0,20130902,10:00:01,132.100000000,300
GAZP,0,20130902,10:00:01,132.100000000,100
GAZP,0,20130902,10:00:01,132.100000000,400
GAZP,0,20130902,10:00:01,132.100000000,4 760
GAZP,0,20130902,10:00:01,132.000000000,10
GAZP,0,20130902,10:00:01,131.990000000,230
GAZP,0,20130902,10:00:01,131.990000000,100
GAZP,0,20130902,10:00:01,131.990000000,40
GAZP,0,20130902,10:00:01,131.920000000,960
GAZP,0,20130902,10:00:01,131.920000000,600
GAZP,0,20130902,10:00:01,131.920000000,600
GAZP,0,20130902,10:00:01,131.920000000,500
GAZP,0,20130902,10:00:01,131.920000000,100
GAZP,0,20130902,10:00:01,131.920000000,300
GAZP,0,20130902,10:00:02,132.300000000,200
GAZP,0,20130902,10:00:02,132.320000000,500
GAZP,0,20130902,10:00:02,132.370000000,2 000
GAZP,0,20130902,10:00:02,132.370000000,60
GAZP,0,20130902,10:00:02,132.370000000,900
GAZP,0,20130902,10:00:02,132.380000000,120
GAZP,0,20130902,10:00:02,132.390000000,200
GAZP,0,20130902,10:00:02,132.390000000,10
GAZP,0,20130902,10:00:02,132.420000000,20
GAZP,0,20130902,10:00:02,132.460000000,600
GAZP,0,20130902,10:00:02,132.500000000,100
GAZP,0,20130902,10:00:02,132.500000000,10
GAZP,0,20130902,10:00:02,132.500000000,100
GAZP,0,20130902,10:00:02,132.520000000,20
GAZP,0,20130902,10:00:02,132.540000000,10
GAZP,0,20130902,10:00:02,132.620000000,20
GAZP,0,20130902,10:00:02,132.690000000,10
GAZP,0,20130902,10:00:02,132.810000000,3 060
GAZP,0,20130902,10:00:02,132.840000000,10
GAZP,0,20130902,10:00:02,132.870000000,2 000
GAZP,0,20130902,10:00:02,132.870000000,50
GAZP,0,20130902,10:00:02,132.000000000,640
GAZP,0,20130902,10:00:02,132.000000000,400
GAZP,0,20130902,10:00:02,131.990000000,3 000
GAZP,0,20130902,10:00:02,132.000000000,960
GAZP,0,20130902,10:00:02,132.020000000,4 000
GAZP,0,20130902,10:00:02,132.680000000,3 790
GAZP,0,20130902,10:00:02,132.870000000,10
GAZP,0,20130902,10:00:02,132.870000000,120
GAZP,0,20130902,10:00:02,132.890000000,200
GAZP,0,20130902,10:00:02,132.900000000,200
GAZP,0,20130902,10:00:02,132.910000000,300
GAZP,0,20130902,10:00:02,132.940000000,10
GAZP,0,20130902,10:00:02,132.950000000,1 500
GAZP,0,20130902,10:00:02,132.980000000,10
GAZP,0,20130902,10:00:02,133.000000000,200
GAZP,0,20130902,10:00:02,133.000000000,100
GAZP,0,20130902,10:00:02,133.000000000,100
GAZP,0,20130902,10:00:02,133.000000000,700
GAZP,0,20130902,10:00:02,133.000000000,70
GAZP,0,20130902,10:00:02,133.040000000,10
GAZP,0,20130902,10:00:02,133.050000000,2 420
GAZP,0,20130902,10:00:02,132.050000000,3 000
GAZP,0,20130902,10:00:02,132.050000000,5 860
GAZP,0,20130902,10:00:02,132.040000000,1 770
GAZP,0,20130902,10:00:02,132.180000000,20
GAZP,0,20130902,10:00:02,132.180000000,20
GAZP,0,20130902,10:00:02,132.180000000,20
GAZP,0,20130902,10:00:02,132.200000000,20
GAZP,0,20130902,10:00:02,132.520000000,20
GAZP,0,20130902,10:00:02,132.080000000,20
GAZP,0,20130902,10:00:02,132.080000000,20
GAZP,0,20130902,10:00:02,132.080000000,20
GAZP,0,20130902,10:00:02,132.080000000,20
GAZP,0,20130902,10:00:02,132.080000000,20
GAZP,0,20130902,10:00:02,132.130000000,20
GAZP,0,20130902,10:00:02,132.130000000,20
GAZP,0,20130902,10:00:02,132.940000000,8 860
GAZP,0,20130902,10:00:02,132.950000000,3 940
GAZP,0,20130902,10:00:03,132.050000000,50
GAZP,0,20130902,10:00:05,132.200000000,20
GAZP,0,20130902,10:00:05,132.250000000,330
GAZP,0,20130902,10:00:09,132.250000000,400
GAZP,0,20130902,10:00:10,132.250000000,3 770
GAZP,0,20130902,10:00:13,132.400000000,700
GAZP,0,20130902,10:00:13,132.400000000,300
GAZP,0,20130902,10:00:13,132.400000000,1 200
GAZP,0,20130902,10:00:13,132.400000000,100
GAZP,0,20130902,10:00:13,132.400000000,2 000
GAZP,0,20130902,10:00:13,132.400000000,2 000
GAZP,0,20130902,10:00:13,132.400000000,100
GAZP,0,20130902,10:00:13,132.400000000,100
GAZP,0,20130902,10:00:13,132.400000000,200
GAZP,0,20130902,10:00:13,132.400000000,2 000
GAZP,0,20130902,10:00:13,132.400000000,110
GAZP,0,20130902,10:00:13,132.400000000,90
GAZP,0,20130902,10:00:13,132.400000000,100
GAZP,0,20130902,10:00:13,132.400000000,1 000
GAZP,0,20130902,10:00:13,132.400000000,2 600
GAZP,0,20130902,10:00:13,132.390000000,20
GAZP,0,20130902,10:00:16,132.330000000,200
GAZP,0,20130902,10:00:16,132.320000000,10
GAZP,0,20130902,10:00:20,132.080000000,30
GAZP,0,20130902,10:00:25,132.240000000,500
GAZP,0,20130902,10:00:25,132.240000000,800
GAZP,0,20130902,10:00:25,132.250000000,200
GAZP,0,20130902,10:00:28,132.280000000,1 000
GAZP,0,20130902,10:00:28,132.280000000,2 000
GAZP,0,20130902,10:00:28,132.280000000,3 000
GAZP,0,20130902,10:00:28,132.280000000,1 800
GAZP,0,20130902,10:00:28,132.280000000,1 060
GAZP,0,20130902,10:00:28,132.290000000,440
GAZP,0,20130902,10:00:28,132.290000000,2 000
GAZP,0,20130902,10:00:28,132.290000000,2 200
GAZP,0,20130902,10:00:28,132.290000000,2 300
GAZP,0,20130902,10:00:28,132.290000000,1 500
GAZP,0,20130902,10:00:28,132.320000000,190
GAZP,0,20130902,10:00:28,132.330000000,500
GAZP,0,20130902,10:00:28,132.330000000,30
GAZP,0,20130902,10:00:28,132.330000000,470
GAZP,0,20130902,10:00:29,132.340000000,30
GAZP,0,20130902,10:00:31,132.380000000,200
GAZP,0,20130902,10:00:33,132.360000000,500
GAZP,0,20130902,10:00:33,132.360000000,200
GAZP,0,20130902,10:00:33,132.350000000,500
GAZP,0,20130902,10:00:33,132.350000000,500
GAZP,0,20130902,10:00:33,132.350000000,1 000
GAZP,0,20130902,10:00:34,132.350000000,170
GAZP,0,20130902,10:00:34,132.350000000,200
GAZP,0,20130902,10:00:35,132.350000000,30
GAZP,0,20130902,10:00:35,132.350000000,170
GAZP,0,20130902,10:00:35,132.340000000,30
GAZP,0,20130902,10:00:35,132.350000000,200
GAZP,0,20130902,10:00:36,132.340000000,150
GAZP,0,20130902,10:00:36,132.350000000,130
GAZP,0,20130902,10:00:36,132.360000000,270
GAZP,0,20130902,10:00:36,132.360000000,4 110
GAZP,0,20130902,10:00:36,132.360000000,1 200
GAZP,0,20130902,10:00:36,132.360000000,1 200
GAZP,0,20130902,10:00:36,132.360000000,2 840
GAZP,0,20130902,10:00:37,132.360000000,20
GAZP,0,20130902,10:00:37,132.360000000,500
GAZP,0,20130902,10:00:37,132.360000000,200
GAZP,0,20130902,10:00:37,132.360000000,40
GAZP,0,20130902,10:00:37,132.360000000,100
GAZP,0,20130902,10:00:37,132.360000000,60
GAZP,0,20130902,10:00:38,132.360000000,1 000
GAZP,0,20130902,10:00:40,132.330000000,30
GAZP,0,20130902,10:00:41,132.360000000,140
GAZP,0,20130902,10:00:41,132.360000000,60
GAZP,0,20130902,10:00:41,132.360000000,340
GAZP,0,20130902,10:00:46,132.380000000,30
GAZP,0,20130902,10:00:47,132.390000000,100
GAZP,0,20130902,10:00:50,132.420000000,100
GAZP,0,20130902,10:00:51,132.470000000,20
GAZP,0,20130902,10:00:53,132.440000000,100
GAZP,0,20130902,10:00:54,132.390000000,10
GAZP,0,20130902,10:00:54,132.380000000,90
GAZP,0,20130902,10:00:54,132.370000000,1 160
GAZP,0,20130902,10:00:54,132.340000000,100
GAZP,0,20130902,10:00:54,132.350000000,410
GAZP,0,20130902,10:00:54,132.340000000,300
GAZP,0,20130902,10:00:54,132.330000000,1 780
GAZP,0,20130902,10:00:54,132.330000000,2 000
GAZP,0,20130902,10:00:54,132.330000000,500
GAZP,0,20130902,10:00:54,132.330000000,1 900
GAZP,0,20130902,10:00:55,132.270000000,100
GAZP,0,20130902,10:00:55,132.160000000,100
GAZP,0,20130902,10:00:55,132.390000000,200
GAZP,0,20130902,10:00:55,132.400000000,500
GAZP,0,20130902,10:00:55,132.410000000,200
GAZP,0,20130902,10:00:55,132.440000000,100
GAZP,0,20130902,10:00:55,132.440000000,500
GAZP,0,20130902,10:00:55,132.460000000,200
GAZP,0,20130902,10:00:55,132.390000000,500
GAZP,0,20130902,10:00:55,132.490000000,200
GAZP,0,20130902,10:00:55,132.490000000,500
GAZP,0,20130902,10:00:55,132.430000000,500
GAZP,0,20130902,10:00:56,132.340000000,210
GAZP,0,20130902,10:00:56,132.450000000,500
GAZP,0,20130902,10:00:56,132.450000000,500
GAZP,0,20130902,10:00:59,132.500000000,200
GAZP,0,20130902,10:01:00,132.370000000,20
GAZP,0,20130902,10:01:02,132.430000000,200
GAZP,0,20130902,10:01:02,132.550000000,500
GAZP,0,20130902,10:01:02,132.570000000,500
GAZP,0,20130902,10:01:03,132.380000000,200
GAZP,0,20130902,10:01:03,132.350000000,500
GAZP,0,20130902,10:01:05,132.390000000,200
GAZP,0,20130902,10:01:06,132.340000000,30
GAZP,0,20130902,10:01:07,132.420000000,100
GAZP,0,20130902,10:01:07,132.480000000,900
GAZP,0,20130902,10:01:07,132.490000000,50
GAZP,0,20130902,10:01:08,132.470000000,1 000
GAZP,0,20130902,10:01:09,132.500000000,100
GAZP,0,20130902,10:01:09,132.490000000,1 000
GAZP,0,20130902,10:01:09,132.500000000,400
GAZP,0,20130902,10:01:11,132.470000000,30
GAZP,0,20130902,10:01:12,132.470000000,5 000
GAZP,0,20130902,10:01:12,132.470000000,500
GAZP,0,20130902,10:01:16,132.350000000,30
GAZP,0,20130902,10:01:21,132.350000000,30
GAZP,0,20130902,10:01:22,132.370000000,140
GAZP,0,20130902,10:01:22,132.350000000,360
GAZP,0,20130902,10:01:24,132.340000000,20
GAZP,0,20130902,10:01:25,132.340000000,1 180
GAZP,0,20130902,10:01:26,132.320000000,200
GAZP,0,20130902,10:01:26,132.320000000,500
GAZP,0,20130902,10:01:26,132.380000000,520
GAZP,0,20130902,10:01:26,132.380000000,780
GAZP,0,20130902,10:01:27,132.250000000,190
GAZP,0,20130902,10:01:28,132.300000000,30
GAZP,0,20130902,10:01:29,132.360000000,10
GAZP,0,20130902,10:01:32,132.390000000,2 940
GAZP,0,20130902,10:01:32,132.400000000,16 780
GAZP,0,20130902,10:01:37,132.340000000,30
GAZP,0,20130902,10:01:38,132.400000000,18 000
GAZP,0,20130902,10:01:39,132.400000000,500
GAZP,0,20130902,10:01:39,132.400000000,140
GAZP,0,20130902,10:01:40,132.400000000,20
GAZP,0,20130902,10:01:43,132.390000000,30
GAZP,0,20130902,10:01:45,132.390000000,170
GAZP,0,20130902,10:01:45,132.390000000,30
GAZP,0,20130902,10:01:45,132.400000000,200
GAZP,0,20130902,10:01:46,132.400000000,200
GAZP,0,20130902,10:01:46,132.390000000,170
GAZP,0,20130902,10:01:46,132.380000000,2 000
GAZP,0,20130902,10:01:51,132.350000000,10
GAZP,0,20130902,10:01:52,132.350000000,150
GAZP,0,20130902,10:01:56,132.400000000,8 000
GAZP,0,20130902,10:01:58,132.400000000,500
GAZP,0,20130902,10:01:59,132.350000000,40
GAZP,0,20130902,10:01:59,132.350000000,10
GAZP,0,20130902,10:01:59,132.350000000,200
GAZP,0,20130902,10:01:59,132.340000000,500
GAZP,0,20130902,10:01:59,132.290000000,250
GAZP,0,20130902,10:02:07,132.360000000,200
GAZP,0,20130902,10:02:08,132.350000000,200
GAZP,0,20130902,10:02:08,132.280000000,1 920
GAZP,0,20130902,10:02:08,132.270000000,200
GAZP,0,20130902,10:02:08,132.270000000,500
GAZP,0,20130902,10:02:08,132.260000000,10
GAZP,0,20130902,10:02:08,132.260000000,500
GAZP,0,20130902,10:02:08,132.260000000,200
GAZP,0,20130902,10:02:08,132.260000000,570
GAZP,0,20130902,10:02:08,132.260000000,200
GAZP,0,20130902,10:02:08,132.260000000,200
GAZP,0,20130902,10:02:09,132.260000000,200
GAZP,0,20130902,10:02:09,132.260000000,200
GAZP,0,20130902,10:02:09,132.260000000,100
GAZP,0,20130902,10:02:18,132.360000000,100
GAZP,0,20130902,10:02:28,132.400000000,100
GAZP,0,20130902,10:02:28,132.400000000,100
GAZP,0,20130902,10:02:33,132.400000000,200
GAZP,0,20130902,10:02:35,132.400000000,200
GAZP,0,20130902,10:02:37,132.400000000,200
GAZP,0,20130902,10:02:37,132.400000000,200
GAZP,0,20130902,10:02:37,132.400000000,200
GAZP,0,20130902,10:02:37,132.400000000,200
GAZP,0,20130902,10:02:38,132.390000000,200
GAZP,0,20130902,10:02:39,132.360000000,100
GAZP,0,20130902,10:02:40,132.400000000,200
GAZP,0,20130902,10:02:41,132.400000000,200
GAZP,0,20130902,10:02:42,132.390000000,50
GAZP,0,20130902,10:02:43,132.390000000,150
GAZP,0,20130902,10:02:44,132.400000000,200
GAZP,0,20130902,10:02:45,132.400000000,200
GAZP,0,20130902,10:02:46,132.400000000,200
GAZP,0,20130902,10:02:46,132.400000000,200
GAZP,0,20130902,10:02:46,132.390000000,50
GAZP,0,20130902,10:02:46,132.400000000,200
GAZP,0,20130902,10:02:46,132.400000000,200
GAZP,0,20130902,10:02:47,132.400000000,200
GAZP,0,20130902,10:02:47,132.400000000,200
GAZP,0,20130902,10:02:47,132.400000000,200
GAZP,0,20130902,10:02:47,132.400000000,200
GAZP,0,20130902,10:02:48,132.400000000,200
GAZP,0,20130902,10:02:48,132.400000000,200
GAZP,0,20130902,10:02:48,132.400000000,200
GAZP,0,20130902,10:02:48,132.400000000,200
GAZP,0,20130902,10:02:48,132.400000000,100
GAZP,0,20130902,10:02:48,132.400000000,100
GAZP,0,20130902,10:02:49,132.400000000,200
GAZP,0,20130902,10:02:49,132.400000000,200
GAZP,0,20130902,10:02:49,132.400000000,200
GAZP,0,20130902,10:02:49,132.400000000,200
GAZP,0,20130902,10:02:50,132.400000000,200
GAZP,0,20130902,10:02:50,132.400000000,200
GAZP,0,20130902,10:02:50,132.400000000,200
GAZP,0,20130902,10:02:50,132.400000000,3 960
GAZP,0,20130902,10:02:50,132.400000000,5 000
GAZP,0,20130902,10:02:50,132.400000000,100
GAZP,0,20130902,10:02:50,132.400000000,5 000
GAZP,0,20130902,10:02:50,132.400000000,10 000
GAZP,0,20130902,10:02:50,132.420000000,30
GAZP,0,20130902,10:02:50,132.420000000,100
GAZP,0,20130902,10:02:50,132.460000000,30
GAZP,0,20130902,10:02:50,132.460000000,200
GAZP,0,20130902,10:02:50,132.490000000,450
GAZP,0,20130902,10:02:50,132.500000000,100
GAZP,0,20130902,10:02:50,132.500000000,30
GAZP,0,20130902,10:02:50,132.390000000,10
GAZP,0,20130902,10:02:53,132.440000000,40
GAZP,0,20130902,10:02:55,132.480000000,200
GAZP,0,20130902,10:02:56,132.470000000,100
GAZP,0,20130902,10:02:56,132.470000000,100
GAZP,0,20130902,10:03:03,132.470000000,100
GAZP,0,20130902,10:03:03,132.440000000,200
GAZP,0,20130902,10:03:14,132.440000000,200
GAZP,0,20130902,10:03:14,132.440000000,100
GAZP,0,20130902,10:03:18,132.320000000,330
GAZP,0,20130902,10:03:23,132.430000000,10
GAZP,0,20130902,10:03:34,132.370000000,200
GAZP,0,20130902,10:03:34,132.370000000,170
GAZP,0,20130902,10:03:37,132.350000000,200
GAZP,0,20130902,10:03:37,132.350000000,500
GAZP,0,20130902,10:03:39,132.350000000,200
GAZP,0,20130902,10:03:42,132.360000000,100
GAZP,0,20130902,10:03:47,132.360000000,2 000
GAZP,0,20130902,10:03:48,132.360000000,100
GAZP,0,20130902,10:03:50,132.360000000,200
GAZP,0,20130902,10:03:51,132.360000000,200
GAZP,0,20130902,10:03:53,132.360000000,200
GAZP,0,20130902,10:03:53,132.360000000,200
GAZP,0,20130902,10:03:54,132.360000000,200
GAZP,0,20130902,10:03:57,132.360000000,200
GAZP,0,20130902,10:03:59,132.360000000,200
GAZP,0,20130902,10:04:11,132.360000000,30
GAZP,0,20130902,10:04:12,132.360000000,370
GAZP,0,20130902,10:04:18,132.390000000,200
GAZP,0,20130902,10:04:18,132.390000000,200
GAZP,0,20130902,10:04:20,132.400000000,200
GAZP,0,20130902,10:04:20,132.310000000,200
GAZP,0,20130902,10:04:20,132.310000000,30
GAZP,0,20130902,10:04:20,132.300000000,100
GAZP,0,20130902,10:04:20,132.270000000,500
GAZP,0,20130902,10:04:30,132.390000000,200
GAZP,0,20130902,10:04:30,132.370000000,160
GAZP,0,20130902,10:04:30,132.390000000,40
GAZP,0,20130902,10:04:37,132.330000000,100
GAZP,0,20130902,10:04:37,132.330000000,100
GAZP,0,20130902,10:04:52,132.360000000,200
GAZP,0,20130902,10:05:07,132.330000000,10
GAZP,0,20130902,10:05:07,132.330000000,200
GAZP,0,20130902,10:05:09,132.330000000,200
GAZP,0,20130902,10:05:09,132.320000000,200
GAZP,0,20130902,10:05:09,132.320000000,100
GAZP,0,20130902,10:05:09,132.320000000,100
GAZP,0,20130902,10:05:12,132.300000000,20
GAZP,0,20130902,10:05:18,132.300000000,20
GAZP,0,20130902,10:05:18,132.300000000,40
GAZP,0,20130902,10:05:18,132.300000000,170
GAZP,0,20130902,10:05:19,132.330000000,700
GAZP,0,20130902,10:05:19,132.330000000,2 780
GAZP,0,20130902,10:05:22,132.330000000,200
GAZP,0,20130902,10:05:22,132.330000000,100
GAZP,0,20130902,10:05:24,132.330000000,100
GAZP,0,20130902,10:05:24,132.330000000,200
GAZP,0,20130902,10:05:24,132.330000000,200
GAZP,0,20130902,10:05:27,132.330000000,200
GAZP,0,20130902,10:05:27,132.330000000,100
GAZP,0,20130902,10:05:27,132.330000000,1 000
GAZP,0,20130902,10:05:27,132.330000000,100
GAZP,0,20130902,10:05:27,132.330000000,200
GAZP,0,20130902,10:05:28,132.330000000,200
GAZP,0,20130902,10:05:28,132.320000000,160
GAZP,0,20130902,10:05:28,132.300000000,310
GAZP,0,20130902,10:05:29,132.330000000,200
GAZP,0,20130902,10:05:31,132.330000000,10
GAZP,0,20130902,10:05:32,132.330000000,200
GAZP,0,20130902,10:05:32,132.330000000,10
GAZP,0,20130902,10:05:35,132.300000000,10
GAZP,0,20130902,10:05:36,132.330000000,200
GAZP,0,20130902,10:05:49,132.310000000,100
GAZP,0,20130902,10:05:49,132.300000000,510
GAZP,0,20130902,10:05:52,132.300000000,100
GAZP,0,20130902,10:05:52,132.300000000,200
GAZP,0,20130902,10:05:58,132.300000000,100
GAZP,0,20130902,10:05:59,132.300000000,100
GAZP,0,20130902,10:06:00,132.300000000,100
GAZP,0,20130902,10:06:00,132.300000000,100
GAZP,0,20130902,10:06:02,132.290000000,190
GAZP,0,20130902,10:06:02,132.270000000,190
GAZP,0,20130902,10:06:04,132.280000000,190
GAZP,0,20130902,10:06:05,132.280000000,190
GAZP,0,20130902,10:06:06,132.290000000,50
GAZP,0,20130902,10:06:06,132.290000000,150
GAZP,0,20130902,10:06:07,132.300000000,200
GAZP,0,20130902,10:06:07,132.300000000,200
GAZP,0,20130902,10:06:08,132.300000000,200
GAZP,0,20130902,10:06:08,132.290000000,10
GAZP,0,20130902,10:06:09,132.300000000,500
GAZP,0,20130902,10:06:09,132.300000000,410
GAZP,0,20130902,10:06:10,132.300000000,10
GAZP,0,20130902,10:06:14,132.310000000,190
GAZP,0,20130902,10:06:14,132.310000000,190
GAZP,0,20130902,10:06:15,132.300000000,190
GAZP,0,20130902,10:06:16,132.290000000,190
GAZP,0,20130902,10:06:17,132.280000000,190
GAZP,0,20130902,10:06:23,132.330000000,10
GAZP,0,20130902,10:06:35,132.310000000,250
GAZP,0,20130902,10:06:41,132.330000000,10
GAZP,0,20130902,10:06:42,132.330000000,500
GAZP,0,20130902,10:06:42,132.330000000,390
GAZP,0,20130902,10:06:42,132.330000000,500
GAZP,0,20130902,10:06:42,132.330000000,500
GAZP,0,20130902,10:06:42,132.330000000,20
GAZP,0,20130902,10:06:42,132.330000000,500
GAZP,0,20130902,10:06:43,132.330000000,500
GAZP,0,20130902,10:06:43,132.330000000,500
GAZP,0,20130902,10:06:43,132.330000000,500
GAZP,0,20130902,10:06:43,132.330000000,290
GAZP,0,20130902,10:06:45,132.390000000,50
GAZP,0,20130902,10:06:45,132.430000000,160
GAZP,0,20130902,10:06:45,132.430000000,280
GAZP,0,20130902,10:06:45,132.490000000,1 000
GAZP,0,20130902,10:06:45,132.490000000,50
GAZP,0,20130902,10:06:45,132.500000000,460
GAZP,0,20130902,10:06:45,132.350000000,500
GAZP,0,20130902,10:06:45,132.320000000,600
GAZP,0,20130902,10:06:45,132.320000000,430
GAZP,0,20130902,10:06:45,132.300000000,470
GAZP,0,20130902,10:06:56,132.430000000,500
GAZP,0,20130902,10:06:56,132.460000000,400
GAZP,0,20130902,10:07:00,132.360000000,40
GAZP,0,20130902,10:07:13,132.450000000,320
GAZP,0,20130902,10:07:42,132.460000000,20
GAZP,0,20130902,10:07:42,132.460000000,20
GAZP,0,20130902,10:07:54,132.460000000,10
GAZP,0,20130902,10:07:57,132.460000000,250
GAZP,0,20130902,10:07:57,132.400000000,150
GAZP,0,20130902,10:08:17,132.400000000,50
GAZP,0,20130902,10:08:17,132.400000000,3 000
GAZP,0,20130902,10:08:32,132.360000000,810
GAZP,0,20130902,10:08:39,132.360000000,10
GAZP,0,20130902,10:08:45,132.380000000,100
GAZP,0,20130902,10:08:55,132.360000000,180
GAZP,0,20130902,10:08:55,132.360000000,320
GAZP,0,20130902,10:08:56,132.370000000,20
GAZP,0,20130902,10:08:56,132.370000000,80
GAZP,0,20130902,10:09:01,132.440000000,80
GAZP,0,20130902,10:09:01,132.450000000,40
GAZP,0,20130902,10:09:39,132.360000000,300
GAZP,0,20130902,10:09:43,132.400000000,10
GAZP,0,20130902,10:09:53,132.360000000,380
GAZP,0,20130902,10:09:53,132.360000000,500
GAZP,0,20130902,10:09:53,132.350000000,500
GAZP,0,20130902,10:09:54,132.350000000,390
GAZP,0,20130902,10:10:18,132.350000000,110
GAZP,0,20130902,10:10:18,132.350000000,10
GAZP,0,20130902,10:10:31,132.310000000,1 000
GAZP,0,20130902,10:10:37,132.340000000,1 000
GAZP,0,20130902,10:10:48,132.340000000,50
GAZP,0,20130902,10:10:52,132.300000000,1 530
GAZP,0,20130902,10:10:52,132.300000000,1 000
GAZP,0,20130902,10:10:52,132.300000000,1 500
GAZP,0,20130902,10:11:19,132.300000000,100
GAZP,0,20130902,10:11:19,132.300000000,300
GAZP,0,20130902,10:11:25,132.250000000,2 050
GAZP,0,20130902,10:11:25,132.250000000,300
GAZP,0,20130902,10:11:26,132.250000000,200
GAZP,0,20130902,10:11:26,132.240000000,370
GAZP,0,20130902,10:11:34,132.240000000,20
GAZP,0,20130902,10:11:53,132.240000000,140
GAZP,0,20130902,10:11:53,132.240000000,1 500
GAZP,0,20130902,10:11:53,132.230000000,530
GAZP,0,20130902,10:11:53,132.220000000,500
GAZP,0,20130902,10:11:53,132.160000000,30
GAZP,0,20130902,10:11:53,132.140000000,10
GAZP,0,20130902,10:11:53,132.120000000,30
GAZP,0,20130902,10:11:53,132.120000000,370
GAZP,0,20130902,10:11:53,132.210000000,50
GAZP,0,20130902,10:11:53,132.250000000,200
GAZP,0,20130902,10:11:53,132.250000000,620
GAZP,0,20130902,10:11:53,132.250000000,500
GAZP,0,20130902,10:11:53,132.250000000,230
GAZP,0,20130902,10:12:07,132.270000000,10
GAZP,0,20130902,10:13:23,132.280000000,20
GAZP,0,20130902,10:13:23,132.230000000,10
GAZP,0,20130902,10:13:32,132.280000000,90
GAZP,0,20130902,10:13:37,132.270000000,200
GAZP,0,20130902,10:13:59,132.210000000,11 310
GAZP,0,20130902,10:14:14,132.150000000,50
GAZP,0,20130902,10:14:14,132.150000000,400
GAZP,0,20130902,10:14:16,132.130000000,710
GAZP,0,20130902,10:14:16,132.130000000,790
GAZP,0,20130902,10:14:19,132.130000000,1 000
GAZP,0,20130902,10:14:19,132.130000000,1 500
GAZP,0,20130902,10:14:22,132.130000000,1 000
GAZP,0,20130902,10:14:27,132.130000000,3 210
GAZP,0,20130902,10:14:27,132.130000000,500
GAZP,0,20130902,10:14:27,132.080000000,30
GAZP,0,20130902,10:14:27,132.080000000,8 490
GAZP,0,20130902,10:14:27,132.080000000,10
GAZP,0,20130902,10:14:28,132.080000000,170
GAZP,0,20130902,10:14:28,132.080000000,830
GAZP,0,20130902,10:14:28,132.080000000,900
GAZP,0,20130902,10:14:28,132.060000000,270
GAZP,0,20130902,10:14:32,132.060000000,10
GAZP,0,20130902,10:14:36,132.080000000,600
GAZP,0,20130902,10:14:36,132.080000000,5 700
GAZP,0,20130902,10:14:36,132.220000000,200
GAZP,0,20130902,10:14:36,132.270000000,5 000
GAZP,0,20130902,10:14:37,132.260000000,1 800
GAZP,0,20130902,10:14:39,132.250000000,200
GAZP,0,20130902,10:14:45,132.130000000,200
GAZP,0,20130902,10:14:45,132.120000000,80
GAZP,0,20130902,10:14:45,132.080000000,400
GAZP,0,20130902,10:14:45,132.070000000,320
GAZP,0,20130902,10:14:45,132.160000000,20
GAZP,0,20130902,10:14:49,132.180000000,200
GAZP,0,20130902,10:15:20,132.180000000,30
GAZP,0,20130902,10:15:57,132.100000000,10
GAZP,0,20130902,10:15:57,132.080000000,4 680
GAZP,0,20130902,10:15:57,132.060000000,310
GAZP,0,20130902,10:16:14,132.090000000,3 000
GAZP,0,20130902,10:16:15,132.060000000,40
GAZP,0,20130902,10:16:15,132.060000000,100
GAZP,0,20130902,10:16:15,132.050000000,1 360
GAZP,0,20130902,10:16:16,132.050000000,10
GAZP,0,20130902,10:16:16,132.050000000,630
GAZP,0,20130902,10:16:16,132.050000000,100
GAZP,0,20130902,10:16:16,132.050000000,210
GAZP,0,20130902,10:16:16,132.050000000,100
GAZP,0,20130902,10:16:16,132.040000000,13 400
GAZP,0,20130902,10:16:17,132.040000000,10 660
GAZP,0,20130902,10:16:24,132.110000000,200
GAZP,0,20130902,10:16:24,132.110000000,500
GAZP,0,20130902,10:16:24,132.110000000,10
GAZP,0,20130902,10:16:24,132.110000000,500
GAZP,0,20130902,10:16:26,132.170000000,20
GAZP,0,20130902,10:16:27,132.170000000,600
GAZP,0,20130902,10:16:27,132.170000000,100
GAZP,0,20130902,10:16:29,132.170000000,500
GAZP,0,20130902,10:16:29,132.170000000,200
GAZP,0,20130902,10:16:50,132.190000000,500
GAZP,0,20130902,10:16:53,132.170000000,500
GAZP,0,20130902,10:16:53,132.170000000,500
GAZP,0,20130902,10:16:53,132.170000000,1 500
GAZP,0,20130902,10:16:53,132.170000000,4 870
GAZP,0,20130902,10:16:53,132.170000000,350
GAZP,0,20130902,10:16:53,132.180000000,10
GAZP,0,20130902,10:16:53,132.050000000,2 000
GAZP,0,20130902,10:16:58,132.130000000,200
GAZP,0,20130902,10:16:58,132.140000000,500
GAZP,0,20130902,10:16:58,132.180000000,300
GAZP,0,20130902,10:17:12,132.180000000,250
GAZP,0,20130902,10:17:12,132.180000000,50
GAZP,0,20130902,10:17:12,132.180000000,150
GAZP,0,20130902,10:17:12,132.190000000,1 160
GAZP,0,20130902,10:17:12,132.190000000,90
GAZP,0,20130902,10:17:12,132.190000000,1 250
GAZP,0,20130902,10:17:12,132.200000000,300
GAZP,0,20130902,10:17:12,132.240000000,4 510
GAZP,0,20130902,10:17:12,132.240000000,350
GAZP,0,20130902,10:17:29,132.190000000,160
GAZP,0,20130902,10:17:41,132.200000000,200
GAZP,0,20130902,10:17:41,132.210000000,80
GAZP,0,20130902,10:17:49,132.140000000,500
GAZP,0,20130902,10:17:49,132.110000000,1 500
GAZP,0,20130902,10:17:49,132.100000000,1 500
GAZP,0,20130902,10:17:49,132.050000000,40
GAZP,0,20130902,10:17:49,132.040000000,16 210
GAZP,0,20130902,10:17:49,132.040000000,30
GAZP,0,20130902,10:17:49,132.040000000,110
GAZP,0,20130902,10:17:49,132.020000000,20
GAZP,0,20130902,10:17:49,132.000000000,30
GAZP,0,20130902,10:17:49,132.000000000,500
GAZP,0,20130902,10:17:49,132.000000000,1 000
GAZP,0,20130902,10:17:49,132.000000000,1 000
GAZP,0,20130902,10:17:49,132.000000000,10
GAZP,0,20130902,10:17:49,132.000000000,300
GAZP,0,20130902,10:17:49,132.000000000,2 000
GAZP,0,20130902,10:17:49,132.000000000,300
GAZP,0,20130902,10:17:49,132.000000000,500
GAZP,0,20130902,10:17:49,132.000000000,400
GAZP,0,20130902,10:17:49,132.000000000,1 500
GAZP,0,20130902,10:17:49,131.960000000,30
GAZP,0,20130902,10:17:49,131.960000000,970
GAZP,0,20130902,10:17:49,131.990000000,500
GAZP,0,20130902,10:17:49,132.000000000,4 500
GAZP,0,20130902,10:17:49,131.930000000,20
GAZP,0,20130902,10:17:50,131.930000000,420
GAZP,0,20130902,10:17:50,131.920000000,30
GAZP,0,20130902,10:17:50,131.920000000,400
GAZP,0,20130902,10:17:50,131.920000000,520
GAZP,0,20130902,10:17:50,131.970000000,600
GAZP,0,20130902,10:17:50,131.970000000,680
GAZP,0,20130902,10:17:50,131.960000000,500
GAZP,0,20130902,10:17:50,131.960000000,420
GAZP,0,20130902,10:17:50,131.970000000,400
GAZP,0,20130902,10:17:50,131.970000000,400
GAZP,0,20130902,10:17:50,131.960000000,2 600
GAZP,0,20130902,10:17:51,131.980000000,2 000
GAZP,0,20130902,10:17:52,131.980000000,400
GAZP,0,20130902,10:17:52,131.980000000,1 500
GAZP,0,20130902,10:17:52,131.980000000,140
GAZP,0,20130902,10:17:52,131.990000000,760
GAZP,0,20130902,10:17:52,131.990000000,800
GAZP,0,20130902,10:17:52,131.990000000,800
GAZP,0,20130902,10:17:52,131.990000000,400
GAZP,0,20130902,10:17:55,131.990000000,100
GAZP,0,20130902,10:17:59,132.000000000,7 560
GAZP,0,20130902,10:17:59,132.000000000,100
GAZP,0,20130902,10:17:59,132.000000000,1 000
GAZP,0,20130902,10:17:59,132.000000000,1 000
GAZP,0,20130902,10:17:59,132.000000000,1 000
GAZP,0,20130902,10:17:59,132.000000000,2 000
GAZP,0,20130902,10:17:59,132.000000000,2 000
GAZP,0,20130902,10:17:59,132.000000000,500
GAZP,0,20130902,10:17:59,132.000000000,1 000
GAZP,0,20130902,10:17:59,132.000000000,1 700
GAZP,0,20130902,10:17:59,132.000000000,1 000
GAZP,0,20130902,10:17:59,132.000000000,500
GAZP,0,20130902,10:18:00,132.000000000,200
GAZP,0,20130902,10:18:00,132.000000000,200
GAZP,0,20130902,10:18:00,132.000000000,1 500
GAZP,0,20130902,10:18:00,132.000000000,24 720
GAZP,0,20130902,10:18:01,132.000000000,100
GAZP,0,20130902,10:18:01,132.000000000,100
GAZP,0,20130902,10:18:01,132.000000000,200
GAZP,0,20130902,10:18:01,132.000000000,200
GAZP,0,20130902,10:18:05,132.000000000,8 000
GAZP,0,20130902,10:18:06,132.000000000,10
GAZP,0,20130902,10:18:07,131.990000000,9 000
GAZP,0,20130902,10:18:08,131.990000000,40 000
GAZP,0,20130902,10:18:09,131.990000000,50
GAZP,0,20130902,10:18:11,132.000000000,2 000
GAZP,0,20130902,10:18:24,132.000000000,40 000
GAZP,0,20130902,10:18:24,132.000000000,1 460
GAZP,0,20130902,10:18:24,132.000000000,40
GAZP,0,20130902,10:18:24,132.000000000,180
GAZP,0,20130902,10:18:24,132.000000000,10
GAZP,0,20130902,10:18:29,132.040000000,200
GAZP,0,20130902,10:18:31,132.000000000,200
GAZP,0,20130902,10:18:31,132.000000000,500
GAZP,0,20130902,10:18:34,131.940000000,1 500
GAZP,0,20130902,10:18:34,131.940000000,1 500
GAZP,0,20130902,10:18:34,131.940000000,500
GAZP,0,20130902,10:18:34,131.930000000,3 900
GAZP,0,20130902,10:18:34,131.920000000,180
GAZP,0,20130902,10:18:34,131.920000000,1 500
GAZP,0,20130902,10:18:34,131.920000000,1 500
GAZP,0,20130902,10:18:34,131.910000000,750
GAZP,0,20130902,10:18:34,131.910000000,100
GAZP,0,20130902,10:18:34,131.910000000,100
GAZP,0,20130902,10:18:34,131.910000000,500
GAZP,0,20130902,10:18:34,131.900000000,100
GAZP,0,20130902,10:18:34,131.900000000,770
GAZP,0,20130902,10:18:34,131.900000000,1 330
GAZP,0,20130902,10:18:34,131.900000000,410
GAZP,0,20130902,10:18:34,131.900000000,280
GAZP,0,20130902,10:18:34,131.900000000,18 280
GAZP,0,20130902,10:18:35,131.900000000,9 000
GAZP,0,20130902,10:18:36,131.900000000,3 020
GAZP,0,20130902,10:18:36,131.900000000,10
GAZP,0,20130902,10:18:36,131.900000000,1 970
GAZP,0,20130902,10:18:36,131.880000000,30
GAZP,0,20130902,10:18:36,131.880000000,10
GAZP,0,20130902,10:18:36,131.870000000,630
GAZP,0,20130902,10:18:36,131.850000000,10
GAZP,0,20130902,10:18:36,131.840000000,30
GAZP,0,20130902,10:18:36,131.830000000,30
GAZP,0,20130902,10:18:36,131.810000000,300
GAZP,0,20130902,10:18:36,131.810000000,100
GAZP,0,20130902,10:18:36,131.810000000,10
GAZP,0,20130902,10:18:36,131.800000000,200
GAZP,0,20130902,10:18:36,131.800000000,30
GAZP,0,20130902,10:18:36,131.800000000,500
GAZP,0,20130902,10:18:36,131.770000000,10
GAZP,0,20130902,10:18:36,131.760000000,30
GAZP,0,20130902,10:18:36,131.730000000,80
GAZP,0,20130902,10:18:36,131.840000000,500
GAZP,0,20130902,10:18:36,131.850000000,1 500
GAZP,0,20130902,10:18:36,131.850000000,1 500
GAZP,0,20130902,10:18:36,131.850000000,500
GAZP,0,20130902,10:18:37,131.900000000,10
GAZP,0,20130902,10:18:39,131.910000000,100
GAZP,0,20130902,10:18:42,131.910000000,210
GAZP,0,20130902,10:18:45,131.880000000,100
GAZP,0,20130902,10:18:45,131.860000000,900
GAZP,0,20130902,10:18:49,131.940000000,20
GAZP,0,20130902,10:18:49,131.960000000,180
GAZP,0,20130902,10:18:49,131.970000000,300
GAZP,0,20130902,10:18:54,131.970000000,200
GAZP,0,20130902,10:18:54,131.970000000,500
GAZP,0,20130902,10:18:54,131.960000000,200
GAZP,0,20130902,10:18:54,131.960000000,100
GAZP,0,20130902,10:18:54,131.970000000,900
GAZP,0,20130902,10:18:54,131.960000000,200
GAZP,0,20130902,10:19:02,131.980000000,300
GAZP,0,20130902,10:19:03,132.000000000,200
GAZP,0,20130902,10:19:03,131.990000000,190
GAZP,0,20130902,10:19:03,132.000000000,500
GAZP,0,20130902,10:19:04,132.010000000,200
GAZP,0,20130902,10:19:05,131.980000000,300
GAZP,0,20130902,10:19:05,131.970000000,910
GAZP,0,20130902,10:19:05,131.920000000,300
GAZP,0,20130902,10:19:05,131.940000000,1 100
GAZP,0,20130902,10:19:08,132.000000000,500
GAZP,0,20130902,10:19:09,131.960000000,200
GAZP,0,20130902,10:19:09,131.960000000,500
GAZP,0,20130902,10:19:09,131.960000000,200
GAZP,0,20130902,10:19:09,131.950000000,1 500
GAZP,0,20130902,10:19:09,131.950000000,500
GAZP,0,20130902,10:19:09,131.920000000,500
GAZP,0,20130902,10:19:09,131.860000000,200
GAZP,0,20130902,10:19:09,131.850000000,10
GAZP,0,20130902,10:19:09,131.800000000,1 300
GAZP,0,20130902,10:19:09,131.910000000,500
GAZP,0,20130902,10:19:09,131.980000000,800
GAZP,0,20130902,10:19:11,131.950000000,100
GAZP,0,20130902,10:19:12,131.970000000,100
GAZP,0,20130902,10:19:15,131.960000000,100
GAZP,0,20130902,10:19:15,131.950000000,1 900
GAZP,0,20130902,10:19:15,131.970000000,200
GAZP,0,20130902,10:19:22,131.950000000,1 000
GAZP,0,20130902,10:19:22,131.970000000,40
GAZP,0,20130902,10:19:25,132.000000000,840
GAZP,0,20130902,10:19:28,132.000000000,7 500
GAZP,0,20130902,10:19:28,132.000000000,1 160
GAZP,0,20130902,10:19:28,132.070000000,460
GAZP,0,20130902,10:19:28,132.060000000,4 550
GAZP,0,20130902,10:19:28,132.060000000,70
GAZP,0,20130902,10:19:28,132.060000000,50
GAZP,0,20130902,10:19:30,132.030000000,200
GAZP,0,20130902,10:19:30,132.020000000,1 440
GAZP,0,20130902,10:19:30,132.020000000,200
GAZP,0,20130902,10:19:30,132.010000000,300
GAZP,0,20130902,10:19:30,132.010000000,160
GAZP,0,20130902,10:19:34,132.020000000,1 500
GAZP,0,20130902,10:19:34,132.020000000,500
GAZP,0,20130902,10:19:34,132.020000000,40
GAZP,0,20130902,10:19:34,132.020000000,620
GAZP,0,20130902,10:19:34,132.010000000,300
GAZP,0,20130902,10:19:34,132.000000000,500
GAZP,0,20130902,10:19:34,131.990000000,1 500
GAZP,0,20130902,10:19:34,131.970000000,40
GAZP,0,20130902,10:19:36,132.010000000,10
GAZP,0,20130902,10:19:37,132.010000000,90
GAZP,0,20130902,10:19:37,132.000000000,500
GAZP,0,20130902,10:19:37,132.000000000,1 500
GAZP,0,20130902,10:19:37,132.000000000,300
GAZP,0,20130902,10:19:37,131.990000000,340
GAZP,0,20130902,10:19:37,131.990000000,500
GAZP,0,20130902,10:19:37,131.970000000,60
GAZP,0,20130902,10:19:37,131.930000000,100
GAZP,0,20130902,10:19:37,131.910000000,10
GAZP,0,20130902,10:19:37,131.910000000,2 800
GAZP,0,20130902,10:19:39,131.990000000,500
GAZP,0,20130902,10:19:40,132.020000000,400
GAZP,0,20130902,10:19:40,132.030000000,1 500
GAZP,0,20130902,10:19:40,132.030000000,1 500
GAZP,0,20130902,10:19:40,132.030000000,3 030
GAZP,0,20130902,10:19:41,132.000000000,200
GAZP,0,20130902,10:19:41,131.990000000,200
GAZP,0,20130902,10:19:41,131.980000000,300
GAZP,0,20130902,10:19:41,131.980000000,7 500
GAZP,0,20130902,10:19:41,131.970000000,500
GAZP,0,20130902,10:19:41,131.900000000,500
GAZP,0,20130902,10:19:41,131.900000000,10
GAZP,0,20130902,10:19:41,131.880000000,10
GAZP,0,20130902,10:19:41,131.810000000,650
GAZP,0,20130902,10:19:43,131.980000000,300
GAZP,0,20130902,10:19:43,131.980000000,500
GAZP,0,20130902,10:19:43,131.970000000,500
GAZP,0,20130902,10:19:43,131.970000000,7 500
GAZP,0,20130902,10:19:43,131.870000000,1 070
GAZP,0,20130902,10:19:43,131.940000000,1 660
GAZP,0,20130902,10:19:43,131.940000000,1 500
GAZP,0,20130902,10:19:43,131.940000000,640
GAZP,0,20130902,10:19:43,131.940000000,860
GAZP,0,20130902,10:19:43,131.940000000,500
GAZP,0,20130902,10:19:43,131.970000000,1 500
GAZP,0,20130902,10:19:43,131.980000000,940
GAZP,0,20130902,10:19:55,131.960000000,410
GAZP,0,20130902,10:20:07,131.970000000,200
GAZP,0,20130902,10:20:07,131.970000000,2 200
GAZP,0,20130902,10:20:07,131.960000000,6 150
GAZP,0,20130902,10:20:07,131.900000000,20
GAZP,0,20130902,10:20:09,131.940000000,500
GAZP,0,20130902,10:20:09,131.960000000,1 450
GAZP,0,20130902,10:20:09,131.960000000,90
GAZP,0,20130902,10:20:09,131.990000000,20
GAZP,0,20130902,10:20:09,132.050000000,500
GAZP,0,20130902,10:20:09,132.060000000,30
GAZP,0,20130902,10:20:10,132.090000000,100
GAZP,0,20130902,10:20:10,132.090000000,700
GAZP,0,20130902,10:20:11,132.100000000,10
GAZP,0,20130902,10:20:11,132.100000000,30
GAZP,0,20130902,10:20:11,132.120000000,200
GAZP,0,20130902,10:20:11,132.130000000,200
GAZP,0,20130902,10:20:12,132.130000000,500
GAZP,0,20130902,10:20:14,132.100000000,1 450
GAZP,0,20130902,10:20:14,132.090000000,680
GAZP,0,20130902,10:20:14,131.990000000,1 330
GAZP,0,20130902,10:20:14,131.990000000,500
GAZP,0,20130902,10:20:14,131.980000000,400
GAZP,0,20130902,10:20:14,131.910000000,2 620
GAZP,0,20130902,10:20:14,131.900000000,8 860
GAZP,0,20130902,10:20:14,131.890000000,400
GAZP,0,20130902,10:20:14,131.880000000,1 000
GAZP,0,20130902,10:20:14,131.870000000,1 420
GAZP,0,20130902,10:20:14,131.850000000,10
GAZP,0,20130902,10:20:14,131.820000000,1 500
GAZP,0,20130902,10:20:14,131.810000000,1 420
GAZP,0,20130902,10:20:14,131.800000000,10
GAZP,0,20130902,10:20:14,131.790000000,100
GAZP,0,20130902,10:20:14,131.790000000,100
GAZP,0,20130902,10:20:14,131.780000000,100
GAZP,0,20130902,10:20:14,131.780000000,3 780
GAZP,0,20130902,10:20:14,131.770000000,100
GAZP,0,20130902,10:20:14,131.770000000,10 000
GAZP,0,20130902,10:20:14,131.770000000,10 000
GAZP,0,20130902,10:20:14,131.760000000,5 700
GAZP,0,20130902,10:20:14,131.760000000,18 390
GAZP,0,20130902,10:20:14,131.960000000,500
GAZP,0,20130902,10:20:15,132.000000000,400
GAZP,0,20130902,10:20:15,131.960000000,1 500
GAZP,0,20130902,10:20:15,131.900000000,200
GAZP,0,20130902,10:20:15,131.900000000,400
GAZP,0,20130902,10:20:15,131.900000000,1 500
GAZP,0,20130902,10:20:15,131.810000000,1 500
GAZP,0,20130902,10:20:15,131.800000000,500
GAZP,0,20130902,10:20:15,131.790000000,1 000
GAZP,0,20130902,10:20:15,131.760000000,11 610
GAZP,0,20130902,10:20:15,131.760000000,18 000
GAZP,0,20130902,10:20:15,131.750000000,9 000
GAZP,0,20130902,10:20:15,131.750000000,100
GAZP,0,20130902,10:20:15,131.750000000,10
GAZP,0,20130902,10:20:15,131.750000000,760
GAZP,0,20130902,10:20:15,131.750000000,54 950
GAZP,0,20130902,10:20:16,132.060000000,10
GAZP,0,20130902,10:20:16,131.900000000,10
GAZP,0,20130902,10:20:16,131.900000000,500
GAZP,0,20130902,10:20:16,131.890000000,300
GAZP,0,20130902,10:20:16,131.880000000,500
GAZP,0,20130902,10:20:16,131.870000000,500
GAZP,0,20130902,10:20:16,131.780000000,600
GAZP,0,20130902,10:20:16,131.770000000,10 000
GAZP,0,20130902,10:20:16,131.760000000,20 000
GAZP,0,20130902,10:20:16,131.760000000,5 000
GAZP,0,20130902,10:20:16,131.750000000,15 590
GAZP,0,20130902,10:20:16,131.900000000,20
GAZP,0,20130902,10:20:17,131.850000000,200
GAZP,0,20130902,10:20:17,131.830000000,500
GAZP,0,20130902,10:20:17,131.770000000,20
GAZP,0,20130902,10:20:17,131.770000000,200
GAZP,0,20130902,10:20:17,131.770000000,300
GAZP,0,20130902,10:20:17,131.770000000,500
GAZP,0,20130902,10:20:17,131.770000000,200
GAZP,0,20130902,10:20:17,131.770000000,300
GAZP,0,20130902,10:20:17,131.770000000,700
GAZP,0,20130902,10:20:17,131.770000000,300
GAZP,0,20130902,10:20:17,131.770000000,600
GAZP,0,20130902,10:20:17,131.770000000,1 500
GAZP,0,20130902,10:20:17,131.770000000,300
GAZP,0,20130902,10:20:17,131.770000000,1 000
GAZP,0,20130902,10:20:17,131.770000000,300
GAZP,0,20130902,10:20:17,131.770000000,720
GAZP,0,20130902,10:20:17,131.880000000,200
GAZP,0,20130902,10:20:17,131.880000000,300
GAZP,0,20130902,10:20:17,131.900000000,100
GAZP,0,20130902,10:20:17,131.810000000,100
GAZP,0,20130902,10:20:17,131.810000000,1 500
GAZP,0,20130902,10:20:17,131.810000000,1 500
GAZP,0,20130902,10:20:17,131.800000000,300
GAZP,0,20130902,10:20:17,131.800000000,1 500
GAZP,0,20130902,10:20:17,131.800000000,1 500
GAZP,0,20130902,10:20:17,131.790000000,1 500
GAZP,0,20130902,10:20:17,131.760000000,20 000
GAZP,0,20130902,10:20:17,131.760000000,500
GAZP,0,20130902,10:20:17,131.750000000,61 470
GAZP,0,20130902,10:20:17,131.870000000,100
GAZP,0,20130902,10:20:18,131.800000000,300
GAZP,0,20130902,10:20:18,131.790000000,500
GAZP,0,20130902,10:20:18,131.760000000,2 000
GAZP,0,20130902,10:20:18,131.760000000,1 500
GAZP,0,20130902,10:20:18,131.760000000,1 500
GAZP,0,20130902,10:20:18,131.750000000,92 900
GAZP,0,20130902,10:20:19,131.830000000,400
GAZP,0,20130902,10:20:19,131.830000000,20
GAZP,0,20130902,10:20:19,131.840000000,80
GAZP,0,20130902,10:20:19,131.780000000,20
GAZP,0,20130902,10:20:21,131.780000000,280
GAZP,0,20130902,10:20:21,131.770000000,500
GAZP,0,20130902,10:20:21,131.770000000,9 000
GAZP,0,20130902,10:20:21,131.760000000,22 120
GAZP,0,20130902,10:20:22,131.760000000,5 000
GAZP,0,20130902,10:20:25,131.850000000,2 840
GAZP,0,20130902,10:20:25,131.850000000,1 500
GAZP,0,20130902,10:20:25,131.850000000,1 500
GAZP,0,20130902,10:20:25,131.850000000,3 960
GAZP,0,20130902,10:20:35,131.830000000,100
GAZP,0,20130902,10:20:35,131.830000000,100
GAZP,0,20130902,10:20:40,131.850000000,1 490
GAZP,0,20130902,10:20:46,131.890000000,100
GAZP,0,20130902,10:20:46,131.890000000,500
GAZP,0,20130902,10:20:46,131.890000000,100
GAZP,0,20130902,10:20:46,131.880000000,50
GAZP,0,20130902,10:20:55,131.950000000,14 190
GAZP,0,20130902,10:20:57,131.950000000,42 930
GAZP,0,20130902,10:20:57,131.970000000,10 000
GAZP,0,20130902,10:20:57,131.980000000,9 000
GAZP,0,20130902,10:20:57,131.980000000,10 000
GAZP,0,20130902,10:20:57,131.990000000,20 000
GAZP,0,20130902,10:20:57,131.990000000,20 000
GAZP,0,20130902,10:21:01,132.060000000,60
GAZP,0,20130902,10:21:04,132.060000000,600
GAZP,0,20130902,10:21:08,132.060000000,8 340
GAZP,0,20130902,10:21:08,132.070000000,1 500
GAZP,0,20130902,10:21:08,132.070000000,1 500
GAZP,0,20130902,10:21:08,132.080000000,500
GAZP,0,20130902,10:21:08,132.090000000,900
GAZP,0,20130902,10:21:08,132.100000000,1 500
GAZP,0,20130902,10:21:08,132.130000000,5 000
GAZP,0,20130902,10:21:08,132.130000000,4 200
GAZP,0,20130902,10:21:08,132.130000000,2 000
GAZP,0,20130902,10:21:08,132.130000000,5 000
GAZP,0,20130902,10:21:08,132.130000000,1 500
GAZP,0,20130902,10:21:08,132.130000000,400
GAZP,0,20130902,10:21:08,132.130000000,50
GAZP,0,20130902,10:21:08,132.140000000,30
GAZP,0,20130902,10:21:09,132.160000000,500
GAZP,0,20130902,10:21:09,132.170000000,100
GAZP,0,20130902,10:21:09,132.160000000,500
GAZP,0,20130902,10:21:09,132.160000000,500
GAZP,0,20130902,10:21:09,132.170000000,500
GAZP,0,20130902,10:21:09,132.160000000,500
GAZP,0,20130902,10:21:09,132.170000000,200
GAZP,0,20130902,10:21:09,132.170000000,300
GAZP,0,20130902,10:21:10,132.170000000,500
GAZP,0,20130902,10:21:11,132.160000000,500
GAZP,0,20130902,10:21:12,132.160000000,500
GAZP,0,20130902,10:21:14,132.160000000,500
GAZP,0,20130902,10:21:14,132.160000000,500
GAZP,0,20130902,10:21:15,132.180000000,10
GAZP,0,20130902,10:21:15,132.160000000,200
GAZP,0,20130902,10:21:15,132.160000000,4 160
GAZP,0,20130902,10:21:15,132.160000000,470
GAZP,0,20130902,10:21:16,132.180000000,10
GAZP,0,20130902,10:21:17,132.160000000,70
GAZP,0,20130902,10:21:18,132.180000000,10
GAZP,0,20130902,10:21:18,132.180000000,500
GAZP,0,20130902,10:21:18,132.180000000,200
GAZP,0,20130902,10:21:21,132.200000000,200
GAZP,0,20130902,10:21:21,132.200000000,90
GAZP,0,20130902,10:21:22,132.180000000,1 200
GAZP,0,20130902,10:21:23,132.180000000,10
GAZP,0,20130902,10:21:23,132.160000000,490
GAZP,0,20130902,10:21:25,132.200000000,2 910
GAZP,0,20130902,10:21:25,132.200000000,500
GAZP,0,20130902,10:21:25,132.200000000,800
GAZP,0,20130902,10:21:25,132.200000000,40
GAZP,0,20130902,10:21:25,132.200000000,500
GAZP,0,20130902,10:21:25,132.200000000,500
GAZP,0,20130902,10:21:25,132.200000000,200
GAZP,0,20130902,10:21:25,132.200000000,500
GAZP,0,20130902,10:21:25,132.200000000,500
GAZP,0,20130902,10:21:25,132.200000000,500
GAZP,0,20130902,10:21:26,132.200000000,500
GAZP,0,20130902,10:21:26,132.200000000,2 300
GAZP,0,20130902,10:21:26,132.220000000,20
GAZP,0,20130902,10:21:29,132.200000000,2 000
GAZP,0,20130902,10:21:29,132.200000000,200
GAZP,0,20130902,10:21:30,132.220000000,10
GAZP,0,20130902,10:21:30,132.220000000,300
GAZP,0,20130902,10:21:30,132.220000000,500
GAZP,0,20130902,10:21:32,132.200000000,6 680
GAZP,0,20130902,10:21:32,132.170000000,1 550
GAZP,0,20130902,10:21:32,132.170000000,500
GAZP,0,20130902,10:21:32,132.160000000,5 290
GAZP,0,20130902,10:21:32,132.160000000,65 460
GAZP,0,20130902,10:21:33,132.160000000,250
GAZP,0,20130902,10:21:33,132.160000000,1 000
GAZP,0,20130902,10:21:33,132.160000000,1 250
GAZP,0,20130902,10:21:33,132.160000000,6 230
GAZP,0,20130902,10:21:33,132.050000000,500
GAZP,0,20130902,10:21:33,132.050000000,800
GAZP,0,20130902,10:21:34,132.100000000,120
GAZP,0,20130902,10:21:35,132.030000000,20
GAZP,0,20130902,10:21:35,132.030000000,200
GAZP,0,20130902,10:21:37,132.080000000,80
GAZP,0,20130902,10:21:37,132.080000000,500
GAZP,0,20130902,10:21:37,132.090000000,20
GAZP,0,20130902,10:21:37,132.110000000,1 500
GAZP,0,20130902,10:21:37,132.110000000,900
GAZP,0,20130902,10:21:40,132.190000000,400
GAZP,0,20130902,10:21:42,132.190000000,18 620
GAZP,0,20130902,10:21:44,132.090000000,200
GAZP,0,20130902,10:22:11,132.150000000,200
GAZP,0,20130902,10:22:21,132.170000000,500
GAZP,0,20130902,10:22:23,132.170000000,1 500
GAZP,0,20130902,10:22:23,132.170000000,800
GAZP,0,20130902,10:22:23,132.190000000,500
GAZP,0,20130902,10:22:23,132.250000000,160
GAZP,0,20130902,10:22:23,132.250000000,3 100
GAZP,0,20130902,10:22:23,132.250000000,500
GAZP,0,20130902,10:22:23,132.250000000,9 440
GAZP,0,20130902,10:22:23,132.250000000,500
GAZP,0,20130902,10:22:25,132.220000000,5 340
GAZP,0,20130902,10:22:26,132.230000000,10
GAZP,0,20130902,10:22:31,132.210000000,90
GAZP,0,20130902,10:22:42,132.170000000,2 050
GAZP,0,20130902,10:22:42,132.150000000,990
GAZP,0,20130902,10:22:42,132.150000000,500
GAZP,0,20130902,10:22:42,132.140000000,1 190
GAZP,0,20130902,10:22:48,132.130000000,1 500
GAZP,0,20130902,10:22:48,132.130000000,500
GAZP,0,20130902,10:22:48,132.130000000,1 500
GAZP,0,20130902,10:22:48,132.130000000,2 480
GAZP,0,20130902,10:22:49,132.140000000,1 000
GAZP,0,20130902,10:22:49,132.140000000,1 250
GAZP,0,20130902,10:22:49,132.140000000,250
GAZP,0,20130902,10:22:50,132.140000000,8 200
GAZP,0,20130902,10:22:53,132.170000000,110
GAZP,0,20130902,10:22:55,132.160000000,10
GAZP,0,20130902,10:23:25,132.170000000,10
GAZP,0,20130902,10:23:26,132.180000000,10
GAZP,0,20130902,10:23:28,132.170000000,550
GAZP,0,20130902,10:23:28,132.180000000,40
GAZP,0,20130902,10:23:28,132.190000000,1 000
GAZP,0,20130902,10:23:28,132.190000000,460
GAZP,0,20130902,10:23:30,132.170000000,440
GAZP,0,20130902,10:23:31,132.170000000,550
GAZP,0,20130902,10:23:41,132.190000000,200
GAZP,0,20130902,10:23:41,132.190000000,200
GAZP,0,20130902,10:23:41,132.190000000,320
GAZP,0,20130902,10:23:41,132.170000000,120
GAZP,0,20130902,10:23:44,132.170000000,110
GAZP,0,20130902,10:23:53,132.170000000,440
GAZP,0,20130902,10:23:54,132.170000000,550
GAZP,0,20130902,10:23:54,132.170000000,440
GAZP,0,20130902,10:23:56,132.210000000,300
GAZP,0,20130902,10:23:56,132.210000000,130
GAZP,0,20130902,10:24:10,132.180000000,110
GAZP,0,20130902,10:24:11,132.230000000,50
GAZP,0,20130902,10:24:14,132.190000000,330
GAZP,0,20130902,10:24:14,132.190000000,550
GAZP,0,20130902,10:24:15,132.180000000,440
GAZP,0,20130902,10:24:16,132.230000000,10
GAZP,0,20130902,10:24:16,132.180000000,440
GAZP,0,20130902,10:24:18,132.180000000,440
GAZP,0,20130902,10:24:18,132.180000000,550
GAZP,0,20130902,10:24:22,132.180000000,440
GAZP,0,20130902,10:24:22,132.180000000,220
GAZP,0,20130902,10:24:22,132.170000000,330
GAZP,0,20130902,10:24:22,132.180000000,10
GAZP,0,20130902,10:24:23,132.170000000,20
GAZP,0,20130902,10:24:23,132.170000000,440
GAZP,0,20130902,10:24:23,132.170000000,550
GAZP,0,20130902,10:24:27,132.220000000,100
GAZP,0,20130902,10:24:30,132.170000000,440
GAZP,0,20130902,10:24:30,132.170000000,550
GAZP,0,20130902,10:24:31,132.170000000,1 000
GAZP,0,20130902,10:24:31,132.170000000,440
GAZP,0,20130902,10:24:32,132.170000000,550
GAZP,0,20130902,10:24:33,132.170000000,2 350
GAZP,0,20130902,10:24:37,132.170000000,110
GAZP,0,20130902,10:24:38,132.170000000,10
GAZP,0,20130902,10:24:38,132.170000000,1 240
GAZP,0,20130902,10:24:42,132.110000000,550
GAZP,0,20130902,10:24:47,132.110000000,2 350
GAZP,0,20130902,10:24:48,132.110000000,1 300
GAZP,0,20130902,10:24:48,132.110000000,1 050
GAZP,0,20130902,10:24:51,132.110000000,560
GAZP,0,20130902,10:25:07,132.090000000,10
GAZP,0,20130902,10:25:10,132.090000000,10
GAZP,0,20130902,10:25:44,132.020000000,100
GAZP,0,20130902,10:25:48,132.080000000,100
GAZP,0,20130902,10:25:57,132.130000000,10
GAZP,0,20130902,10:26:10,132.130000000,100
GAZP,0,20130902,10:26:49,132.160000000,20
GAZP,0,20130902,10:27:07,132.170000000,440
GAZP,0,20130902,10:27:07,132.170000000,550
GAZP,0,20130902,10:27:08,132.170000000,10
GAZP,0,20130902,10:27:08,132.150000000,100
GAZP,0,20130902,10:27:08,132.150000000,330
GAZP,0,20130902,10:27:08,132.140000000,550
GAZP,0,20130902,10:27:09,132.140000000,440
GAZP,0,20130902,10:27:09,132.140000000,550
GAZP,0,20130902,10:27:10,132.190000000,350
GAZP,0,20130902,10:27:10,132.140000000,440
GAZP,0,20130902,10:27:20,132.140000000,10
GAZP,0,20130902,10:27:21,132.140000000,3 350
GAZP,0,20130902,10:27:21,132.140000000,1 730
GAZP,0,20130902,10:27:21,132.140000000,1 500
GAZP,0,20130902,10:27:21,132.130000000,2 000
GAZP,0,20130902,10:27:21,132.130000000,50 000
GAZP,0,20130902,10:27:21,132.080000000,700
GAZP,0,20130902,10:27:21,132.070000000,50
GAZP,0,20130902,10:27:21,132.060000000,700
GAZP,0,20130902,10:27:21,132.060000000,260
GAZP,0,20130902,10:27:21,132.020000000,60
GAZP,0,20130902,10:27:21,132.000000000,1 000
GAZP,0,20130902,10:27:21,132.000000000,260
GAZP,0,20130902,10:27:21,132.000000000,270
GAZP,0,20130902,10:27:21,132.000000000,200
GAZP,0,20130902,10:27:21,132.000000000,100
GAZP,0,20130902,10:27:21,132.000000000,3 000
GAZP,0,20130902,10:27:21,131.990000000,100
GAZP,0,20130902,10:27:21,131.980000000,500
GAZP,0,20130902,10:27:21,131.980000000,100
GAZP,0,20130902,10:27:21,131.980000000,400
GAZP,0,20130902,10:27:21,131.980000000,300
GAZP,0,20130902,10:27:21,131.950000000,260
GAZP,0,20130902,10:27:21,131.950000000,100
GAZP,0,20130902,10:27:21,131.920000000,30
GAZP,0,20130902,10:27:21,131.900000000,100
GAZP,0,20130902,10:27:21,131.880000000,30
GAZP,0,20130902,10:27:21,131.850000000,1 180
GAZP,0,20130902,10:27:21,131.850000000,200
GAZP,0,20130902,10:27:21,131.900000000,440
GAZP,0,20130902,10:27:21,131.900000000,260
GAZP,0,20130902,10:27:21,131.880000000,290
GAZP,0,20130902,10:27:21,131.880000000,300
GAZP,0,20130902,10:27:24,131.890000000,50
GAZP,0,20130902,10:27:25,131.900000000,500
GAZP,0,20130902,10:27:25,131.930000000,1 000
GAZP,0,20130902,10:27:33,132.000000000,100
GAZP,0,20130902,10:27:41,132.000000000,10 430
GAZP,0,20130902,10:27:43,132.000000000,24 290
GAZP,0,20130902,10:27:43,132.090000000,50
GAZP,0,20130902,10:27:43,132.130000000,50
GAZP,0,20130902,10:27:43,132.130000000,2 000
GAZP,0,20130902,10:27:43,132.130000000,1 000
GAZP,0,20130902,10:27:43,132.130000000,1 550
GAZP,0,20130902,10:27:47,132.170000000,200
GAZP,0,20130902,10:27:47,132.170000000,240
GAZP,0,20130902,10:28:21,132.090000000,10
GAZP,0,20130902,10:28:28,132.120000000,150
GAZP,0,20130902,10:28:28,132.120000000,500
GAZP,0,20130902,10:28:28,132.120000000,250
GAZP,0,20130902,10:28:28,132.120000000,500
GAZP,0,20130902,10:28:35,132.120000000,80
GAZP,0,20130902,10:28:35,132.120000000,200
GAZP,0,20130902,10:28:35,132.120000000,500
GAZP,0,20130902,10:28:35,132.130000000,120
GAZP,0,20130902,10:28:35,132.130000000,500
GAZP,0,20130902,10:28:36,132.100000000,10
GAZP,0,20130902,10:29:09,132.140000000,10
GAZP,0,20130902,10:29:30,132.130000000,190
GAZP,0,20130902,10:29:36,132.150000000,50
GAZP,0,20130902,10:29:42,132.130000000,10
GAZP,0,20130902,10:29:49,132.130000000,990
GAZP,0,20130902,10:29:49,132.100000000,20
GAZP,0,20130902,10:30:12,132.150000000,50
GAZP,0,20130902,10:30:14,132.120000000,10
GAZP,0,20130902,10:30:14,132.140000000,2 000
GAZP,0,20130902,10:30:22,132.130000000,10
GAZP,0,20130902,10:30:45,132.130000000,10
GAZP,0,20130902,10:30:45,132.120000000,1 850
GAZP,0,20130902,10:30:45,132.120000000,1 860
GAZP,0,20130902,10:30:46,132.120000000,560
GAZP,0,20130902,10:30:47,132.120000000,370
GAZP,0,20130902,10:30:47,132.120000000,360
GAZP,0,20130902,10:30:47,132.110000000,10
GAZP,0,20130902,10:30:48,132.110000000,380
GAZP,0,20130902,10:30:48,132.100000000,180
GAZP,0,20130902,10:30:49,132.090000000,10
GAZP,0,20130902,10:30:51,132.090000000,560
GAZP,0,20130902,10:30:51,132.080000000,10
GAZP,0,20130902,10:30:51,132.080000000,180
GAZP,0,20130902,10:30:51,132.080000000,180
GAZP,0,20130902,10:30:52,132.070000000,190
GAZP,0,20130902,10:30:53,132.070000000,740
GAZP,0,20130902,10:30:53,132.070000000,780
GAZP,0,20130902,10:30:53,132.070000000,1 200
GAZP,0,20130902,10:30:53,132.070000000,1 200
GAZP,0,20130902,10:31:03,132.070000000,380
GAZP,0,20130902,10:31:03,132.070000000,370
GAZP,0,20130902,10:31:04,132.070000000,140
GAZP,0,20130902,10:31:04,132.070000000,1 720
GAZP,0,20130902,10:31:05,132.020000000,180
GAZP,0,20130902,10:31:05,132.020000000,560
GAZP,0,20130902,10:31:05,132.020000000,190
GAZP,0,20130902,10:31:08,132.030000000,50
GAZP,0,20130902,10:31:09,132.020000000,260
GAZP,0,20130902,10:31:09,132.030000000,500
GAZP,0,20130902,10:31:09,132.020000000,200
GAZP,0,20130902,10:31:09,132.020000000,500
GAZP,0,20130902,10:31:10,132.030000000,40
GAZP,0,20130902,10:31:10,132.030000000,300
GAZP,0,20130902,10:31:10,132.020000000,600
GAZP,0,20130902,10:31:10,132.020000000,600
GAZP,0,20130902,10:31:11,132.020000000,200
GAZP,0,20130902,10:31:11,132.020000000,240
GAZP,0,20130902,10:31:11,132.020000000,280
GAZP,0,20130902,10:31:15,132.020000000,400
GAZP,0,20130902,10:31:15,132.020000000,400
GAZP,0,20130902,10:31:15,132.020000000,180
GAZP,0,20130902,10:31:16,132.020000000,560
GAZP,0,20130902,10:31:16,132.020000000,20
GAZP,0,20130902,10:31:17,132.020000000,370
GAZP,0,20130902,10:31:18,132.020000000,150
GAZP,0,20130902,10:31:21,132.020000000,190
GAZP,0,20130902,10:31:31,132.020000000,20
GAZP,0,20130902,10:31:32,132.020000000,10
GAZP,0,20130902,10:31:38,132.020000000,560
GAZP,0,20130902,10:31:40,132.030000000,10
GAZP,0,20130902,10:31:40,132.020000000,560
GAZP,0,20130902,10:31:41,132.030000000,10
GAZP,0,20130902,10:31:41,132.020000000,370
GAZP,0,20130902,10:31:42,132.020000000,190
GAZP,0,20130902,10:31:42,132.020000000,180
GAZP,0,20130902,10:31:44,132.020000000,190
GAZP,0,20130902,10:31:46,132.030000000,180
GAZP,0,20130902,10:32:11,132.020000000,20
GAZP,0,20130902,10:32:29,132.030000000,200
GAZP,0,20130902,10:32:30,132.030000000,800
GAZP,0,20130902,10:33:02,132.020000000,40
GAZP,0,20130902,10:33:02,132.050000000,10
GAZP,0,20130902,10:33:02,132.080000000,490
GAZP,0,20130902,10:33:10,132.020000000,50
GAZP,0,20130902,10:33:15,132.020000000,200
GAZP,0,20130902,10:33:45,132.100000000,10
GAZP,0,20130902,10:34:15,132.050000000,10
GAZP,0,20130902,10:34:15,132.050000000,190
GAZP,0,20130902,10:34:16,132.050000000,1 500
GAZP,0,20130902,10:34:16,132.050000000,530
GAZP,0,20130902,10:34:16,132.040000000,640
GAZP,0,20130902,10:34:31,132.060000000,100
GAZP,0,20130902,10:35:23,132.090000000,1 000
GAZP,0,20130902,10:35:23,132.100000000,20
GAZP,0,20130902,10:35:26,132.110000000,260
GAZP,0,20130902,10:35:40,132.100000000,310
GAZP,0,20130902,10:35:40,132.090000000,1 500
GAZP,0,20130902,10:35:40,132.080000000,2 000
GAZP,0,20130902,10:35:40,132.080000000,2 000
GAZP,0,20130902,10:35:40,132.060000000,650
GAZP,0,20130902,10:35:40,132.060000000,1 500
GAZP,0,20130902,10:35:40,132.050000000,1 800
GAZP,0,20130902,10:35:40,132.040000000,10
GAZP,0,20130902,10:35:40,132.040000000,230
GAZP,0,20130902,10:35:41,132.040000000,200
GAZP,0,20130902,10:35:51,132.050000000,640
GAZP,0,20130902,10:35:55,132.050000000,2 000
GAZP,0,20130902,10:35:58,132.030000000,10
GAZP,0,20130902,10:35:58,132.030000000,100
GAZP,0,20130902,10:35:59,132.030000000,10
GAZP,0,20130902,10:36:08,132.030000000,200
GAZP,0,20130902,10:36:15,132.030000000,50
GAZP,0,20130902,10:36:15,132.020000000,820
GAZP,0,20130902,10:36:15,132.020000000,1 290
GAZP,0,20130902,10:36:15,132.020000000,450
GAZP,0,20130902,10:36:15,132.020000000,1 500
GAZP,0,20130902,10:36:15,132.020000000,700
GAZP,0,20130902,10:36:15,132.020000000,860
GAZP,0,20130902,10:36:15,132.020000000,300
GAZP,0,20130902,10:36:15,132.020000000,1 560
GAZP,0,20130902,10:36:15,132.020000000,1 500
GAZP,0,20130902,10:36:15,132.020000000,2 550
GAZP,0,20130902,10:36:15,131.910000000,60
GAZP,0,20130902,10:36:15,131.910000000,40
GAZP,0,20130902,10:36:15,131.900000000,10
GAZP,0,20130902,10:36:38,131.910000000,50
GAZP,0,20130902,10:36:44,131.930000000,200
GAZP,0,20130902,10:36:44,131.930000000,200
GAZP,0,20130902,10:36:44,131.940000000,2 000
GAZP,0,20130902,10:36:45,131.960000000,20
GAZP,0,20130902,10:36:45,131.970000000,2 000
GAZP,0,20130902,10:37:53,131.960000000,50
GAZP,0,20130902,10:38:05,132.030000000,750
GAZP,0,20130902,10:38:05,132.040000000,1 220
GAZP,0,20130902,10:38:05,132.040000000,780
GAZP,0,20130902,10:38:05,132.050000000,30
GAZP,0,20130902,10:38:05,132.080000000,80
GAZP,0,20130902,10:38:06,132.130000000,10
GAZP,0,20130902,10:38:19,132.120000000,150
GAZP,0,20130902,10:38:20,132.120000000,10
GAZP,0,20130902,10:38:49,132.120000000,40
GAZP,0,20130902,10:38:52,132.040000000,10
GAZP,0,20130902,10:39:04,132.060000000,2 000
GAZP,0,20130902,10:39:04,132.080000000,390
GAZP,0,20130902,10:39:04,132.080000000,30
GAZP,0,20130902,10:39:04,132.110000000,400
GAZP,0,20130902,10:39:04,132.140000000,600
GAZP,0,20130902,10:39:04,132.150000000,1 000
GAZP,0,20130902,10:39:04,132.160000000,100
GAZP,0,20130902,10:39:04,132.180000000,30
GAZP,0,20130902,10:39:04,132.210000000,300
GAZP,0,20130902,10:39:04,132.220000000,30
GAZP,0,20130902,10:39:04,132.220000000,240
GAZP,0,20130902,10:39:04,132.170000000,720
GAZP,0,20130902,10:39:04,132.160000000,10
GAZP,0,20130902,10:39:05,132.180000000,20
GAZP,0,20130902,10:39:06,132.150000000,400
GAZP,0,20130902,10:39:07,132.140000000,980
GAZP,0,20130902,10:39:07,132.110000000,2 000
GAZP,0,20130902,10:39:08,132.080000000,130
GAZP,0,20130902,10:39:08,132.050000000,20
GAZP,0,20130902,10:39:08,132.030000000,160
GAZP,0,20130902,10:39:14,132.010000000,200
GAZP,0,20130902,10:39:14,132.010000000,500
GAZP,0,20130902,10:39:14,132.020000000,180
GAZP,0,20130902,10:39:14,131.960000000,10
GAZP,0,20130902,10:39:14,131.940000000,600
GAZP,0,20130902,10:39:14,131.930000000,2 000
GAZP,0,20130902,10:39:14,131.920000000,700
GAZP,0,20130902,10:39:14,131.910000000,150
GAZP,0,20130902,10:39:14,131.900000000,700
GAZP,0,20130902,10:39:14,131.890000000,720
GAZP,0,20130902,10:39:14,131.860000000,400
GAZP,0,20130902,10:39:14,131.850000000,1 500
GAZP,0,20130902,10:39:14,131.840000000,30
GAZP,0,20130902,10:39:14,131.830000000,100
GAZP,0,20130902,10:39:14,131.830000000,10 000
GAZP,0,20130902,10:39:14,131.810000000,10
GAZP,0,20130902,10:39:14,131.800000000,30
GAZP,0,20130902,10:39:14,131.800000000,10
GAZP,0,20130902,10:39:14,131.760000000,30
GAZP,0,20130902,10:39:14,131.750000000,100
GAZP,0,20130902,10:39:14,131.750000000,8 700
GAZP,0,20130902,10:39:14,131.730000000,220
GAZP,0,20130902,10:39:14,131.730000000,300
GAZP,0,20130902,10:39:14,131.730000000,10
GAZP,0,20130902,10:39:14,131.730000000,3 000
GAZP,0,20130902,10:39:14,131.720000000,30
GAZP,0,20130902,10:39:14,131.710000000,100
GAZP,0,20130902,10:39:14,131.710000000,8 860
GAZP,0,20130902,10:39:14,131.700000000,10
GAZP,0,20130902,10:39:14,131.700000000,10
GAZP,0,20130902,10:39:14,131.700000000,240
GAZP,0,20130902,10:39:14,131.680000000,500
GAZP,0,20130902,10:39:14,131.680000000,30
GAZP,0,20130902,10:39:14,132.010000000,10
GAZP,0,20130902,10:39:14,131.910000000,500
GAZP,0,20130902,10:39:14,131.990000000,1 500
GAZP,0,20130902,10:39:14,131.990000000,1 500
GAZP,0,20130902,10:39:14,132.020000000,1 820
GAZP,0,20130902,10:39:14,132.020000000,1 500
GAZP,0,20130902,10:39:14,132.020000000,1 500
GAZP,0,20130902,10:39:14,132.020000000,500
GAZP,0,20130902,10:39:14,132.030000000,1 500
GAZP,0,20130902,10:39:14,132.030000000,1 500
GAZP,0,20130902,10:39:14,132.040000000,700
GAZP,0,20130902,10:39:14,132.040000000,800
GAZP,0,20130902,10:39:14,132.060000000,700
GAZP,0,20130902,10:39:14,132.220000000,10
GAZP,0,20130902,10:39:14,132.220000000,7 560
GAZP,0,20130902,10:39:14,132.230000000,800
GAZP,0,20130902,10:39:14,132.260000000,30
GAZP,0,20130902,10:39:14,132.260000000,100
GAZP,0,20130902,10:39:14,132.260000000,130
GAZP,0,20130902,10:39:14,132.270000000,10
GAZP,0,20130902,10:39:14,132.270000000,100
GAZP,0,20130902,10:39:14,132.280000000,1 000
GAZP,0,20130902,10:39:14,132.300000000,530
GAZP,0,20130902,10:39:14,132.300000000,10
GAZP,0,20130902,10:39:14,132.300000000,30
GAZP,0,20130902,10:39:14,132.320000000,8 850
GAZP,0,20130902,10:39:14,132.330000000,6 410
GAZP,0,20130902,10:39:14,131.860000000,10
GAZP,0,20130902,10:39:14,131.860000000,900
GAZP,0,20130902,10:39:14,132.310000000,10
GAZP,0,20130902,10:39:14,131.880000000,510
GAZP,0,20130902,10:39:14,131.880000000,510
GAZP,0,20130902,10:39:14,131.870000000,8 850
GAZP,0,20130902,10:39:14,131.870000000,1 500
GAZP,0,20130902,10:39:14,131.870000000,1 500
GAZP,0,20130902,10:39:14,131.860000000,1 200
GAZP,0,20130902,10:39:14,131.850000000,4 000
GAZP,0,20130902,10:39:14,131.650000000,1 400
GAZP,0,20130902,10:39:14,131.640000000,30
GAZP,0,20130902,10:39:14,131.630000000,300
GAZP,0,20130902,10:39:14,131.610000000,70
GAZP,0,20130902,10:39:14,131.600000000,30
GAZP,0,20130902,10:39:14,131.600000000,500
GAZP,0,20130902,10:39:14,131.560000000,30
GAZP,0,20130902,10:39:14,131.550000000,3 000
GAZP,0,20130902,10:39:14,131.530000000,300
GAZP,0,20130902,10:39:14,131.530000000,2 000
GAZP,0,20130902,10:39:14,131.520000000,30
GAZP,0,20130902,10:39:14,131.510000000,13 330
GAZP,0,20130902,10:39:14,132.300000000,900
GAZP,0,20130902,10:39:14,131.890000000,10
GAZP,0,20130902,10:39:14,132.290000000,510
GAZP,0,20130902,10:39:14,132.290000000,510
GAZP,0,20130902,10:39:14,132.300000000,7 950
GAZP,0,20130902,10:39:14,132.300000000,1 500
GAZP,0,20130902,10:39:14,132.300000000,1 500
GAZP,0,20130902,10:39:14,132.310000000,1 500
GAZP,0,20130902,10:39:14,132.310000000,1 500
GAZP,0,20130902,10:39:14,132.320000000,1 150
GAZP,0,20130902,10:39:14,132.320000000,1 150
GAZP,0,20130902,10:39:14,132.330000000,1 150
GAZP,0,20130902,10:39:14,132.340000000,30
GAZP,0,20130902,10:39:14,132.340000000,80
GAZP,0,20130902,10:39:14,132.340000000,10
GAZP,0,20130902,10:39:14,132.350000000,10
GAZP,0,20130902,10:39:14,132.350000000,500
GAZP,0,20130902,10:39:14,132.370000000,2 000
GAZP,0,20130902,10:39:14,132.370000000,5 000
GAZP,0,20130902,10:39:14,132.370000000,5 000
GAZP,0,20130902,10:39:14,132.370000000,20
GAZP,0,20130902,10:39:14,132.380000000,30
GAZP,0,20130902,10:39:14,132.380000000,2 000
GAZP,0,20130902,10:39:14,132.390000000,200
GAZP,0,20130902,10:39:14,132.400000000,5 790
GAZP,0,20130902,10:39:14,131.900000000,500
GAZP,0,20130902,10:39:14,132.020000000,10
GAZP,0,20130902,10:39:14,131.920000000,700
GAZP,0,20130902,10:39:14,131.920000000,900
GAZP,0,20130902,10:39:14,131.920000000,800
GAZP,0,20130902,10:39:14,131.920000000,1 500
GAZP,0,20130902,10:39:14,131.920000000,1 500
GAZP,0,20130902,10:39:14,131.920000000,500
GAZP,0,20130902,10:39:14,131.900000000,1 500
GAZP,0,20130902,10:39:14,131.900000000,1 500
GAZP,0,20130902,10:39:14,131.520000000,8 850
GAZP,0,20130902,10:39:14,131.510000000,21 740
GAZP,0,20130902,10:39:14,132.020000000,500
GAZP,0,20130902,10:39:14,131.520000000,10
GAZP,0,20130902,10:39:14,132.020000000,3 490
GAZP,0,20130902,10:39:14,132.020000000,500
GAZP,0,20130902,10:39:14,132.040000000,700
GAZP,0,20130902,10:39:14,132.280000000,990
GAZP,0,20130902,10:39:14,132.390000000,900
GAZP,0,20130902,10:39:14,132.400000000,9 200
GAZP,0,20130902,10:39:14,132.400000000,1 000
GAZP,0,20130902,10:39:14,132.400000000,200
GAZP,0,20130902,10:39:14,132.400000000,22 510
GAZP,0,20130902,10:39:14,131.520000000,490
GAZP,0,20130902,10:39:14,131.520000000,10
GAZP,0,20130902,10:39:14,132.000000000,10
GAZP,0,20130902,10:39:14,131.520000000,490
GAZP,0,20130902,10:39:14,131.520000000,500
GAZP,0,20130902,10:39:14,131.520000000,500
GAZP,0,20130902,10:39:14,131.510000000,17 840
GAZP,0,20130902,10:39:14,131.510000000,10
GAZP,0,20130902,10:39:14,131.510000000,1 000
GAZP,0,20130902,10:39:14,131.510000000,1 000
GAZP,0,20130902,10:39:14,131.500000000,600
GAZP,0,20130902,10:39:14,131.500000000,90
GAZP,0,20130902,10:39:14,131.500000000,1 000
GAZP,0,20130902,10:39:14,131.480000000,30
GAZP,0,20130902,10:39:14,131.440000000,30
GAZP,0,20130902,10:39:14,131.430000000,300
GAZP,0,20130902,10:39:14,131.400000000,30
GAZP,0,20130902,10:39:14,131.400000000,10
GAZP,0,20130902,10:39:14,131.360000000,30
GAZP,0,20130902,10:39:14,131.350000000,1 000
GAZP,0,20130902,10:39:14,131.350000000,120
GAZP,0,20130902,10:39:14,131.330000000,300
GAZP,0,20130902,10:39:14,131.320000000,30
GAZP,0,20130902,10:39:14,131.300000000,30
GAZP,0,20130902,10:39:14,131.280000000,30
GAZP,0,20130902,10:39:14,131.260000000,5 000
GAZP,0,20130902,10:39:14,131.250000000,1 000
GAZP,0,20130902,10:39:14,131.240000000,30
GAZP,0,20130902,10:39:14,131.240000000,10
GAZP,0,20130902,10:39:14,131.230000000,300
GAZP,0,20130902,10:39:14,131.200000000,30
GAZP,0,20130902,10:39:14,131.200000000,4 630
GAZP,0,20130902,10:39:14,131.990000000,500
GAZP,0,20130902,10:39:14,131.550000000,510
GAZP,0,20130902,10:39:14,131.540000000,1 500
GAZP,0,20130902,10:39:14,131.540000000,1 500
GAZP,0,20130902,10:39:14,131.530000000,20
GAZP,0,20130902,10:39:14,131.970000000,8 350
GAZP,0,20130902,10:39:14,132.390000000,1 500
GAZP,0,20130902,10:39:14,132.390000000,1 500
GAZP,0,20130902,10:39:14,132.390000000,500
GAZP,0,20130902,10:39:14,132.400000000,7 790
GAZP,0,20130902,10:39:14,132.400000000,5 000
GAZP,0,20130902,10:39:14,132.400000000,50
GAZP,0,20130902,10:39:14,132.400000000,1 500
GAZP,0,20130902,10:39:14,132.400000000,900
GAZP,0,20130902,10:39:14,132.400000000,600
GAZP,0,20130902,10:39:14,132.420000000,30
GAZP,0,20130902,10:39:14,132.440000000,100
GAZP,0,20130902,10:39:14,132.450000000,1 830
GAZP,0,20130902,10:39:14,132.460000000,30
GAZP,0,20130902,10:39:14,132.460000000,150
GAZP,0,20130902,10:39:14,132.460000000,10
GAZP,0,20130902,10:39:14,132.470000000,2 000
GAZP,0,20130902,10:39:14,132.480000000,100
GAZP,0,20130902,10:39:14,132.490000000,500
GAZP,0,20130902,10:39:14,132.490000000,900
GAZP,0,20130902,10:39:14,132.500000000,2 630
GAZP,0,20130902,10:39:14,131.560000000,500
GAZP,0,20130902,10:39:14,131.950000000,500
GAZP,0,20130902,10:39:14,131.980000000,700
GAZP,0,20130902,10:39:14,132.000000000,700
GAZP,0,20130902,10:39:14,132.380000000,1 630
GAZP,0,20130902,10:39:14,131.570000000,510
GAZP,0,20130902,10:39:14,131.560000000,1 500
GAZP,0,20130902,10:39:14,131.560000000,1 500
GAZP,0,20130902,10:39:14,131.210000000,8 350
GAZP,0,20130902,10:39:14,131.200000000,370
GAZP,0,20130902,10:39:14,131.180000000,100
GAZP,0,20130902,10:39:14,131.160000000,30
GAZP,0,20130902,10:39:14,131.130000000,300
GAZP,0,20130902,10:39:14,131.120000000,30
GAZP,0,20130902,10:39:14,131.110000000,130
GAZP,0,20130902,10:39:14,131.100000000,2 000
GAZP,0,20130902,10:39:14,131.100000000,2 000
GAZP,0,20130902,10:39:14,131.100000000,560
GAZP,0,20130902,10:39:14,131.080000000,30
GAZP,0,20130902,10:39:14,131.080000000,100
GAZP,0,20130902,10:39:14,131.050000000,2 000
GAZP,0,20130902,10:39:14,131.050000000,510
GAZP,0,20130902,10:39:14,131.040000000,30
GAZP,0,20130902,10:39:14,131.030000000,300
GAZP,0,20130902,10:39:14,131.020000000,500
GAZP,0,20130902,10:39:14,131.010000000,500
GAZP,0,20130902,10:39:14,131.010000000,30
GAZP,0,20130902,10:39:14,131.000000000,200
GAZP,0,20130902,10:39:14,131.000000000,1 000
GAZP,0,20130902,10:39:14,131.000000000,30
GAZP,0,20130902,10:39:14,131.000000000,2 000
GAZP,0,20130902,10:39:14,131.000000000,100
GAZP,0,20130902,10:39:14,131.000000000,10
GAZP,0,20130902,10:39:14,131.000000000,10
GAZP,0,20130902,10:39:14,131.000000000,50
GAZP,0,20130902,10:39:14,131.000000000,2 000
GAZP,0,20130902,10:39:14,130.940000000,9 190
GAZP,0,20130902,10:39:14,131.950000000,500
GAZP,0,20130902,10:39:14,131.920000000,500
GAZP,0,20130902,10:39:14,131.920000000,700
GAZP,0,20130902,10:39:14,131.920000000,1 000
GAZP,0,20130902,10:39:14,131.920000000,500
GAZP,0,20130902,10:39:14,131.920000000,830
GAZP,0,20130902,10:39:14,132.490000000,8 860
GAZP,0,20130902,10:39:14,132.500000000,3 270
GAZP,0,20130902,10:39:14,132.500000000,30
GAZP,0,20130902,10:39:14,132.500000000,15 000
GAZP,0,20130902,10:39:14,132.500000000,20
GAZP,0,20130902,10:39:14,132.500000000,2 000
GAZP,0,20130902,10:39:14,132.500000000,500
GAZP,0,20130902,10:39:14,132.500000000,1 000
GAZP,0,20130902,10:39:14,132.500000000,20
GAZP,0,20130902,10:39:14,132.500000000,20
GAZP,0,20130902,10:39:14,132.500000000,40
GAZP,0,20130902,10:39:14,132.500000000,1 000
GAZP,0,20130902,10:39:14,132.520000000,500
GAZP,0,20130902,10:39:14,132.540000000,30
GAZP,0,20130902,10:39:14,132.550000000,20
GAZP,0,20130902,10:39:14,132.550000000,10
GAZP,0,20130902,10:39:14,132.550000000,3 650
GAZP,0,20130902,10:39:14,131.520000000,1 300
GAZP,0,20130902,10:39:14,132.490000000,500
GAZP,0,20130902,10:39:14,132.550000000,1 730
GAZP,0,20130902,10:39:14,130.950000000,8 860
GAZP,0,20130902,10:39:14,130.940000000,21 980
GAZP,0,20130902,10:39:14,130.920000000,130
GAZP,0,20130902,10:39:14,130.900000000,5 500
GAZP,0,20130902,10:39:14,132.540000000,8 860
GAZP,0,20130902,10:39:14,130.950000000,500
GAZP,0,20130902,10:39:14,130.900000000,3 030
GAZP,0,20130902,10:39:14,132.550000000,27 610
GAZP,0,20130902,10:39:14,130.960000000,8 860
GAZP,0,20130902,10:39:14,132.550000000,3 530
GAZP,0,20130902,10:39:14,131.530000000,6 410
GAZP,0,20130902,10:39:14,131.530000000,500
GAZP,0,20130902,10:39:14,130.900000000,11 470
GAZP,0,20130902,10:39:14,130.800000000,10
GAZP,0,20130902,10:39:14,130.800000000,300
GAZP,0,20130902,10:39:14,130.770000000,30
GAZP,0,20130902,10:39:14,130.750000000,8 890
GAZP,0,20130902,10:39:14,132.540000000,8 860
GAZP,0,20130902,10:39:14,131.780000000,3 530
GAZP,0,20130902,10:39:14,132.040000000,700
GAZP,0,20130902,10:39:14,132.060000000,700
GAZP,0,20130902,10:39:14,132.550000000,13 480
GAZP,0,20130902,10:39:14,132.580000000,30
GAZP,0,20130902,10:39:14,132.590000000,50
GAZP,0,20130902,10:39:14,132.590000000,12 650
GAZP,0,20130902,10:39:14,131.780000000,470
GAZP,0,20130902,10:39:14,131.540000000,7 430
GAZP,0,20130902,10:39:14,130.760000000,960
GAZP,0,20130902,10:39:14,132.010000000,300
GAZP,0,20130902,10:39:14,132.010000000,490
GAZP,0,20130902,10:39:14,132.590000000,2 350
GAZP,0,20130902,10:39:14,132.600000000,20
GAZP,0,20130902,10:39:14,132.600000000,200
GAZP,0,20130902,10:39:14,132.600000000,170
GAZP,0,20130902,10:39:14,130.760000000,7 900
GAZP,0,20130902,10:39:14,130.750000000,19 710
GAZP,0,20130902,10:39:14,132.580000000,960
GAZP,0,20130902,10:39:14,132.600000000,7 900
GAZP,0,20130902,10:39:14,130.760000000,500
GAZP,0,20130902,10:39:14,130.750000000,3 030
GAZP,0,20130902,10:39:14,132.570000000,7 900
GAZP,0,20130902,10:39:14,132.580000000,10
GAZP,0,20130902,10:39:14,132.600000000,6 930
GAZP,0,20130902,10:39:14,132.620000000,30
GAZP,0,20130902,10:39:14,132.620000000,12 000
GAZP,0,20130902,10:39:14,132.630000000,740
GAZP,0,20130902,10:39:14,130.770000000,960
GAZP,0,20130902,10:39:14,130.750000000,7 900
GAZP,0,20130902,10:39:14,131.950000000,20
GAZP,0,20130902,10:39:14,130.780000000,7 900
GAZP,0,20130902,10:39:14,130.770000000,490
GAZP,0,20130902,10:39:14,130.750000000,10 470
GAZP,0,20130902,10:39:14,130.730000000,2 000
GAZP,0,20130902,10:39:14,130.700000000,190
GAZP,0,20130902,10:39:14,130.700000000,10
GAZP,0,20130902,10:39:14,130.680000000,10
GAZP,0,20130902,10:39:14,130.680000000,700
GAZP,0,20130902,10:39:14,130.660000000,170
GAZP,0,20130902,10:39:14,130.610000000,10
GAZP,0,20130902,10:39:14,130.600000000,1 000
GAZP,0,20130902,10:39:14,130.530000000,1 330
GAZP,0,20130902,10:39:14,132.550000000,960
GAZP,0,20130902,10:39:14,132.560000000,500
GAZP,0,20130902,10:39:14,132.630000000,9 260
GAZP,0,20130902,10:39:14,130.780000000,500
GAZP,0,20130902,10:39:14,130.530000000,670
GAZP,0,20130902,10:39:14,130.530000000,40
GAZP,0,20130902,10:39:14,130.520000000,500
GAZP,0,20130902,10:39:14,130.510000000,30
GAZP,0,20130902,10:39:14,130.500000000,20
GAZP,0,20130902,10:39:14,130.500000000,1 550
GAZP,0,20130902,10:39:14,132.640000000,7 900
GAZP,0,20130902,10:39:14,132.650000000,15 000
GAZP,0,20130902,10:39:14,132.650000000,1 000
GAZP,0,20130902,10:39:14,132.650000000,20
GAZP,0,20130902,10:39:14,132.660000000,30
GAZP,0,20130902,10:39:14,132.670000000,2 020
GAZP,0,20130902,10:39:14,131.940000000,530
GAZP,0,20130902,10:39:14,130.790000000,960
GAZP,0,20130902,10:39:14,130.790000000,10
GAZP,0,20130902,10:39:14,130.500000000,3 450
GAZP,0,20130902,10:39:14,130.500000000,250
GAZP,0,20130902,10:39:14,130.500000000,10
GAZP,0,20130902,10:39:14,130.480000000,750
GAZP,0,20130902,10:39:14,130.440000000,110
GAZP,0,20130902,10:39:14,131.270000000,7 560
GAZP,0,20130902,10:39:14,130.810000000,6 510
GAZP,0,20130902,10:39:14,132.100000000,960
GAZP,0,20130902,10:39:14,132.110000000,3 040
GAZP,0,20130902,10:39:14,130.820000000,1 390
GAZP,0,20130902,10:39:14,130.810000000,500
GAZP,0,20130902,10:39:14,132.110000000,960
GAZP,0,20130902,10:39:14,130.440000000,390
GAZP,0,20130902,10:39:14,130.430000000,10
GAZP,0,20130902,10:39:14,130.420000000,130
GAZP,0,20130902,10:39:14,130.410000000,10
GAZP,0,20130902,10:39:14,130.360000000,5 000
GAZP,0,20130902,10:39:14,130.360000000,500
GAZP,0,20130902,10:39:14,130.320000000,20
GAZP,0,20130902,10:39:14,130.300000000,10
GAZP,0,20130902,10:39:14,130.260000000,10
GAZP,0,20130902,10:39:14,130.240000000,30
GAZP,0,20130902,10:39:14,130.220000000,20
GAZP,0,20130902,10:39:14,130.210000000,30
GAZP,0,20130902,10:39:14,130.200000000,10
GAZP,0,20130902,10:39:14,130.120000000,20
GAZP,0,20130902,10:39:14,130.120000000,10
GAZP,0,20130902,10:39:14,130.110000000,10
GAZP,0,20130902,10:39:14,130.110000000,220
GAZP,0,20130902,10:39:14,130.100000000,300
GAZP,0,20130902,10:39:14,130.100000000,11 930
GAZP,0,20130902,10:39:14,132.090000000,500
GAZP,0,20130902,10:39:14,132.090000000,7 900
GAZP,0,20130902,10:39:14,132.090000000,500
GAZP,0,20130902,10:39:14,132.100000000,7 000
GAZP,0,20130902,10:39:14,130.110000000,960
GAZP,0,20130902,10:39:14,130.110000000,500
GAZP,0,20130902,10:39:14,132.670000000,12 980
GAZP,0,20130902,10:39:14,132.670000000,10 160
GAZP,0,20130902,10:39:14,130.110000000,7 900
GAZP,0,20130902,10:39:14,130.100000000,7 500
GAZP,0,20130902,10:39:14,130.100000000,10 570
GAZP,0,20130902,10:39:14,130.100000000,1 000
GAZP,0,20130902,10:39:14,130.090000000,2 000
GAZP,0,20130902,10:39:14,130.090000000,50
GAZP,0,20130902,10:39:14,130.080000000,10
GAZP,0,20130902,10:39:14,132.640000000,8 860
GAZP,0,20130902,10:39:14,130.110000000,500
GAZP,0,20130902,10:39:14,130.120000000,8 860
GAZP,0,20130902,10:39:14,132.630000000,500
GAZP,0,20130902,10:39:14,132.630000000,8 360
GAZP,0,20130902,10:39:14,132.630000000,500
GAZP,0,20130902,10:39:14,130.070000000,500
GAZP,0,20130902,10:39:14,132.660000000,500
GAZP,0,20130902,10:39:14,132.670000000,9 840
GAZP,0,20130902,10:39:14,132.680000000,4 500
GAZP,0,20130902,10:39:14,130.060000000,500
GAZP,0,20130902,10:39:14,130.060000000,8 360
GAZP,0,20130902,10:39:14,130.050000000,9 010
GAZP,0,20130902,10:39:14,132.670000000,500
GAZP,0,20130902,10:39:14,132.680000000,500
GAZP,0,20130902,10:39:14,132.690000000,50
GAZP,0,20130902,10:39:14,132.690000000,6 240
GAZP,0,20130902,10:39:14,130.080000000,500
GAZP,0,20130902,10:39:14,130.070000000,500
GAZP,0,20130902,10:39:14,130.050000000,10 990
GAZP,0,20130902,10:39:14,130.050000000,2 000
GAZP,0,20130902,10:39:14,130.050000000,850
GAZP,0,20130902,10:39:14,132.660000000,8 360
GAZP,0,20130902,10:39:14,132.690000000,3 760
GAZP,0,20130902,10:39:14,132.000000000,500
GAZP,0,20130902,10:39:14,130.100000000,8 360
GAZP,0,20130902,10:39:14,131.990000000,500
GAZP,0,20130902,10:39:14,132.000000000,200
GAZP,0,20130902,10:39:14,132.020000000,200
GAZP,0,20130902,10:39:14,130.050000000,11 550
GAZP,0,20130902,10:39:14,131.990000000,500
GAZP,0,20130902,10:39:14,132.020000000,500
GAZP,0,20130902,10:39:14,130.070000000,500
GAZP,0,20130902,10:39:14,130.070000000,500
GAZP,0,20130902,10:39:14,132.020000000,500
GAZP,0,20130902,10:39:14,132.640000000,7 860
GAZP,0,20130902,10:39:14,130.050000000,900
GAZP,0,20130902,10:39:14,132.690000000,1 000
GAZP,0,20130902,10:39:14,130.070000000,5 000
GAZP,0,20130902,10:39:14,132.680000000,5 000
GAZP,0,20130902,10:39:14,132.690000000,500
GAZP,0,20130902,10:39:14,130.090000000,3 860
GAZP,0,20130902,10:39:14,132.680000000,500
GAZP,0,20130902,10:39:14,132.690000000,3 860
GAZP,0,20130902,10:39:14,130.090000000,5 000
GAZP,0,20130902,10:39:14,132.690000000,500
GAZP,0,20130902,10:39:14,130.110000000,3 860
GAZP,0,20130902,10:39:14,132.680000000,5 000
GAZP,0,20130902,10:39:14,132.680000000,500
GAZP,0,20130902,10:39:14,132.700000000,30
GAZP,0,20130902,10:39:14,132.700000000,200
GAZP,0,20130902,10:39:14,132.700000000,10 000
GAZP,0,20130902,10:39:14,132.700000000,1 030
GAZP,0,20130902,10:39:14,130.130000000,5 000
GAZP,0,20130902,10:39:14,130.120000000,500
GAZP,0,20130902,10:39:14,132.670000000,500
GAZP,0,20130902,10:39:14,132.700000000,3 970
GAZP,0,20130902,10:39:14,132.720000000,20
GAZP,0,20130902,10:39:14,132.720000000,10
GAZP,0,20130902,10:39:14,132.120000000,200
GAZP,0,20130902,10:39:14,132.120000000,500
GAZP,0,20130902,10:39:14,132.160000000,700
GAZP,0,20130902,10:39:14,132.180000000,700
GAZP,0,20130902,10:39:14,131.110000000,2 000
GAZP,0,20130902,10:39:14,131.200000000,500
GAZP,0,20130902,10:39:14,131.200000000,1 500
GAZP,0,20130902,10:39:14,131.380000000,2 000
GAZP,0,20130902,10:39:14,132.140000000,700
GAZP,0,20130902,10:39:14,132.630000000,2 300
GAZP,0,20130902,10:39:14,131.290000000,2 000
GAZP,0,20130902,10:39:14,131.110000000,500
GAZP,0,20130902,10:39:14,132.610000000,6 560
GAZP,0,20130902,10:39:14,132.620000000,500
GAZP,0,20130902,10:39:14,132.740000000,30
GAZP,0,20130902,10:39:14,131.950000000,1 400
GAZP,0,20130902,10:39:14,130.130000000,8 860
GAZP,0,20130902,10:39:14,130.130000000,500
GAZP,0,20130902,10:39:14,130.060000000,500
GAZP,0,20130902,10:39:14,132.040000000,500
GAZP,0,20130902,10:39:14,131.810000000,7 500
GAZP,0,20130902,10:39:14,132.680000000,8 860
GAZP,0,20130902,10:39:14,132.680000000,500
GAZP,0,20130902,10:39:14,132.750000000,13 450
GAZP,0,20130902,10:39:14,131.810000000,500
GAZP,0,20130902,10:39:14,131.640000000,260
GAZP,0,20130902,10:39:14,131.640000000,500
GAZP,0,20130902,10:39:14,131.620000000,760
GAZP,0,20130902,10:39:14,131.460000000,760
GAZP,0,20130902,10:39:14,132.610000000,500
GAZP,0,20130902,10:39:14,132.680000000,2 000
GAZP,0,20130902,10:39:14,132.100000000,700
GAZP,0,20130902,10:39:14,132.080000000,700
GAZP,0,20130902,10:39:14,130.130000000,210
GAZP,0,20130902,10:39:14,130.120000000,8 860
GAZP,0,20130902,10:39:14,130.130000000,500
GAZP,0,20130902,10:39:14,131.790000000,200
GAZP,0,20130902,10:39:14,131.790000000,3 800
GAZP,0,20130902,10:39:14,132.140000000,4 500
GAZP,0,20130902,10:39:14,131.650000000,500
GAZP,0,20130902,10:39:14,131.650000000,500
GAZP,0,20130902,10:39:14,131.590000000,760
GAZP,0,20130902,10:39:14,131.580000000,760
GAZP,0,20130902,10:39:14,131.530000000,760
GAZP,0,20130902,10:39:14,131.810000000,760
GAZP,0,20130902,10:39:14,131.810000000,500
GAZP,0,20130902,10:39:14,131.790000000,260
GAZP,0,20130902,10:39:14,131.790000000,500
GAZP,0,20130902,10:39:14,132.060000000,700
GAZP,0,20130902,10:39:14,132.040000000,700
GAZP,0,20130902,10:39:14,132.010000000,530
GAZP,0,20130902,10:39:14,132.010000000,500
GAZP,0,20130902,10:39:14,130.320000000,4 500
GAZP,0,20130902,10:39:14,130.320000000,500
GAZP,0,20130902,10:39:14,130.300000000,180
GAZP,0,20130902,10:39:14,130.240000000,170
GAZP,0,20130902,10:39:14,130.180000000,200
GAZP,0,20130902,10:39:14,130.420000000,190
GAZP,0,20130902,10:39:14,130.420000000,190
GAZP,0,20130902,10:39:14,130.420000000,310
GAZP,0,20130902,10:39:14,130.720000000,200
GAZP,0,20130902,10:39:14,130.720000000,500
GAZP,0,20130902,10:39:14,132.610000000,8 860
GAZP,0,20130902,10:39:14,132.610000000,500
GAZP,0,20130902,10:39:14,132.160000000,200
GAZP,0,20130902,10:39:14,131.020000000,180
GAZP,0,20130902,10:39:14,130.310000000,300
GAZP,0,20130902,10:39:14,132.150000000,500
GAZP,0,20130902,10:39:14,131.040000000,5 700
GAZP,0,20130902,10:39:14,132.090000000,5 700
GAZP,0,20130902,10:39:14,132.100000000,500
GAZP,0,20130902,10:39:14,132.150000000,5 200
GAZP,0,20130902,10:39:14,131.560000000,500
GAZP,0,20130902,10:39:14,131.700000000,4 000
GAZP,0,20130902,10:39:14,131.600000000,760
GAZP,0,20130902,10:39:14,131.560000000,260
GAZP,0,20130902,10:39:14,131.070000000,440
GAZP,0,20130902,10:39:14,132.080000000,500
GAZP,0,20130902,10:39:14,132.230000000,760
GAZP,0,20130902,10:39:14,132.290000000,4 000
GAZP,0,20130902,10:39:14,131.920000000,300
GAZP,0,20130902,10:39:14,131.920000000,500
GAZP,0,20130902,10:39:14,130.210000000,8 860
GAZP,0,20130902,10:39:14,130.210000000,60
GAZP,0,20130902,10:39:14,130.130000000,190
GAZP,0,20130902,10:39:14,132.090000000,1 000
GAZP,0,20130902,10:39:14,132.090000000,500
GAZP,0,20130902,10:39:14,132.120000000,4 000
GAZP,0,20130902,10:39:14,132.110000000,8 860
GAZP,0,20130902,10:39:14,132.120000000,500
GAZP,0,20130902,10:39:14,132.110000000,500
GAZP,0,20130902,10:39:14,130.220000000,8 860
GAZP,0,20130902,10:39:14,130.220000000,500
GAZP,0,20130902,10:39:14,130.140000000,1 700
GAZP,0,20130902,10:39:14,132.690000000,7 900
GAZP,0,20130902,10:39:14,130.160000000,5 500
GAZP,0,20130902,10:39:14,132.150000000,720
GAZP,0,20130902,10:39:14,131.580000000,760
GAZP,0,20130902,10:39:14,131.590000000,760
GAZP,0,20130902,10:39:14,131.580000000,760
GAZP,0,20130902,10:39:14,131.550000000,760
GAZP,0,20130902,10:39:14,131.880000000,6 460
GAZP,0,20130902,10:39:14,131.890000000,60
GAZP,0,20130902,10:39:14,131.880000000,500
GAZP,0,20130902,10:39:14,131.900000000,300
GAZP,0,20130902,10:39:14,132.160000000,220
GAZP,0,20130902,10:39:14,132.160000000,500
GAZP,0,20130902,10:39:14,130.220000000,8 860
GAZP,0,20130902,10:39:14,130.220000000,500
GAZP,0,20130902,10:39:14,131.680000000,4 000
GAZP,0,20130902,10:39:14,132.000000000,50
GAZP,0,20130902,10:39:14,132.000000000,440
GAZP,0,20130902,10:39:14,131.560000000,700
GAZP,0,20130902,10:39:14,131.720000000,60
GAZP,0,20130902,10:39:14,131.720000000,640
GAZP,0,20130902,10:39:14,131.900000000,10
GAZP,0,20130902,10:39:14,131.940000000,100
GAZP,0,20130902,10:39:14,131.940000000,590
GAZP,0,20130902,10:39:14,131.940000000,500
GAZP,0,20130902,10:39:14,131.920000000,700
GAZP,0,20130902,10:39:14,131.820000000,210
GAZP,0,20130902,10:39:14,131.820000000,10
GAZP,0,20130902,10:39:14,131.830000000,820
GAZP,0,20130902,10:39:14,132.140000000,100
GAZP,0,20130902,10:39:14,131.920000000,2 000
GAZP,0,20130902,10:39:14,131.920000000,50
GAZP,0,20130902,10:39:14,131.920000000,3 950
GAZP,0,20130902,10:39:14,131.760000000,5 790
GAZP,0,20130902,10:39:14,131.960000000,200
GAZP,0,20130902,10:39:14,131.820000000,50
GAZP,0,20130902,10:39:14,132.140000000,200
GAZP,0,20130902,10:39:14,131.880000000,10
GAZP,0,20130902,10:39:14,131.820000000,10
GAZP,0,20130902,10:39:14,131.750000000,450
GAZP,0,20130902,10:39:14,131.750000000,20
GAZP,0,20130902,10:39:14,131.750000000,290
GAZP,0,20130902,10:39:14,131.750000000,500
GAZP,0,20130902,10:39:14,131.720000000,60
GAZP,0,20130902,10:39:14,131.700000000,300
GAZP,0,20130902,10:39:14,131.600000000,760
GAZP,0,20130902,10:39:14,131.580000000,760
GAZP,0,20130902,10:39:14,131.560000000,60
GAZP,0,20130902,10:39:14,131.550000000,760
GAZP,0,20130902,10:39:14,131.500000000,300
GAZP,0,20130902,10:39:14,131.300000000,10
GAZP,0,20130902,10:39:14,131.240000000,150
GAZP,0,20130902,10:39:14,131.180000000,400
GAZP,0,20130902,10:39:14,131.000000000,80
GAZP,0,20130902,10:39:14,130.700000000,10
GAZP,0,20130902,10:39:14,130.700000000,320
GAZP,0,20130902,10:39:14,130.700000000,100
GAZP,0,20130902,10:39:14,130.580000000,150
GAZP,0,20130902,10:39:14,130.500000000,100
GAZP,0,20130902,10:39:14,130.410000000,1 000
GAZP,0,20130902,10:39:14,130.150000000,1 000
GAZP,0,20130902,10:39:14,130.120000000,100
GAZP,0,20130902,10:39:14,131.860000000,100
GAZP,0,20130902,10:39:14,131.880000000,690
GAZP,0,20130902,10:39:14,131.950000000,4 000
GAZP,0,20130902,10:39:14,132.060000000,800
GAZP,0,20130902,10:39:14,132.210000000,600
GAZP,0,20130902,10:39:14,132.220000000,400
GAZP,0,20130902,10:39:14,132.260000000,10
GAZP,0,20130902,10:39:14,131.850000000,190
GAZP,0,20130902,10:39:14,131.850000000,10
GAZP,0,20130902,10:39:14,131.780000000,700
GAZP,0,20130902,10:39:14,131.720000000,4 000
GAZP,0,20130902,10:39:14,131.870000000,4 900
GAZP,0,20130902,10:39:14,131.870000000,3 960
GAZP,0,20130902,10:39:14,131.870000000,500
GAZP,0,20130902,10:39:14,131.880000000,4 000
GAZP,0,20130902,10:39:14,131.940000000,190
GAZP,0,20130902,10:39:14,132.030000000,200
GAZP,0,20130902,10:39:14,132.120000000,10
GAZP,0,20130902,10:39:14,132.120000000,170
GAZP,0,20130902,10:39:14,132.120000000,500
GAZP,0,20130902,10:39:14,132.300000000,10
GAZP,0,20130902,10:39:14,132.310000000,270
GAZP,0,20130902,10:39:14,131.120000000,210
GAZP,0,20130902,10:39:14,131.820000000,700
GAZP,0,20130902,10:39:14,132.310000000,490
GAZP,0,20130902,10:39:14,132.350000000,10
GAZP,0,20130902,10:39:14,132.460000000,50
GAZP,0,20130902,10:39:14,131.030000000,10
GAZP,0,20130902,10:39:14,131.210000000,200
GAZP,0,20130902,10:39:14,131.820000000,500
GAZP,0,20130902,10:39:14,131.300000000,170
GAZP,0,20130902,10:39:14,131.720000000,530
GAZP,0,20130902,10:39:14,131.700000000,700
GAZP,0,20130902,10:39:14,131.400000000,180
GAZP,0,20130902,10:39:14,131.610000000,3 820
GAZP,0,20130902,10:39:14,131.850000000,220
GAZP,0,20130902,10:39:14,131.860000000,780
GAZP,0,20130902,10:39:14,131.610000000,4 000
GAZP,0,20130902,10:39:14,131.820000000,530
GAZP,0,20130902,10:39:14,131.860000000,20
GAZP,0,20130902,10:39:14,131.010000000,80
GAZP,0,20130902,10:39:14,130.130000000,220
GAZP,0,20130902,10:39:14,130.130000000,1 000
GAZP,0,20130902,10:39:15,131.700000000,500
GAZP,0,20130902,10:39:15,130.350000000,5 000
GAZP,0,20130902,10:39:15,131.740000000,700
GAZP,0,20130902,10:39:15,131.720000000,700
GAZP,0,20130902,10:39:15,130.700000000,100
GAZP,0,20130902,10:39:15,130.700000000,500
GAZP,0,20130902,10:39:15,131.760000000,800
GAZP,0,20130902,10:39:15,131.650000000,300
GAZP,0,20130902,10:39:15,131.630000000,200
GAZP,0,20130902,10:39:15,130.370000000,3 440
GAZP,0,20130902,10:39:15,130.370000000,500
GAZP,0,20130902,10:39:15,131.650000000,500
GAZP,0,20130902,10:39:15,130.530000000,1 150
GAZP,0,20130902,10:39:15,130.530000000,290
GAZP,0,20130902,10:39:15,130.530000000,720
GAZP,0,20130902,10:39:15,130.530000000,1 440
GAZP,0,20130902,10:39:15,130.530000000,500
GAZP,0,20130902,10:39:15,130.530000000,640
GAZP,0,20130902,10:39:15,130.530000000,860
GAZP,0,20130902,10:39:15,130.530000000,1 000
GAZP,0,20130902,10:39:15,130.540000000,100
GAZP,0,20130902,10:39:15,130.540000000,120
GAZP,0,20130902,10:39:15,131.720000000,500
GAZP,0,20130902,10:39:15,130.540000000,10
GAZP,0,20130902,10:39:15,131.720000000,600
GAZP,0,20130902,10:39:15,131.720000000,500
GAZP,0,20130902,10:39:15,131.720000000,900
GAZP,0,20130902,10:39:15,131.690000000,760
GAZP,0,20130902,10:39:15,131.690000000,200
GAZP,0,20130902,10:39:15,131.690000000,1 500
GAZP,0,20130902,10:39:15,131.690000000,300
GAZP,0,20130902,10:39:15,131.680000000,10
GAZP,0,20130902,10:39:15,131.680000000,10
GAZP,0,20130902,10:39:15,131.620000000,100
GAZP,0,20130902,10:39:15,131.630000000,20
GAZP,0,20130902,10:39:15,131.630000000,500
GAZP,0,20130902,10:39:16,131.670000000,50
GAZP,0,20130902,10:39:16,131.670000000,170
GAZP,0,20130902,10:39:16,131.670000000,60
GAZP,0,20130902,10:39:16,131.670000000,270
GAZP,0,20130902,10:39:16,131.670000000,40
GAZP,0,20130902,10:39:16,131.670000000,170
GAZP,0,20130902,10:39:16,131.660000000,40
GAZP,0,20130902,10:39:16,131.660000000,240
GAZP,0,20130902,10:39:16,131.670000000,600
GAZP,0,20130902,10:39:16,131.670000000,20
GAZP,0,20130902,10:39:17,131.760000000,20
GAZP,0,20130902,10:39:18,131.760000000,80
GAZP,0,20130902,10:39:18,131.760000000,100
GAZP,0,20130902,10:39:18,131.750000000,1 460
GAZP,0,20130902,10:39:18,131.750000000,540
GAZP,0,20130902,10:39:18,131.740000000,2 000
GAZP,0,20130902,10:39:18,131.740000000,1 120
GAZP,0,20130902,10:39:18,131.720000000,1 530
GAZP,0,20130902,10:39:18,131.720000000,500
GAZP,0,20130902,10:39:18,131.730000000,2 000
GAZP,0,20130902,10:39:18,131.760000000,180
GAZP,0,20130902,10:39:18,131.760000000,180
GAZP,0,20130902,10:39:18,131.770000000,1 200
GAZP,0,20130902,10:39:18,131.770000000,290
GAZP,0,20130902,10:39:18,131.790000000,820
GAZP,0,20130902,10:39:18,131.790000000,720
GAZP,0,20130902,10:39:19,131.810000000,10
GAZP,0,20130902,10:39:22,131.820000000,200
GAZP,0,20130902,10:39:22,131.810000000,800
GAZP,0,20130902,10:39:24,131.810000000,1 100
GAZP,0,20130902,10:39:24,131.810000000,170
GAZP,0,20130902,10:39:24,131.810000000,40
GAZP,0,20130902,10:39:24,131.810000000,200
GAZP,0,20130902,10:39:26,131.810000000,100
GAZP,0,20130902,10:39:26,131.860000000,720
GAZP,0,20130902,10:39:26,131.860000000,720
GAZP,0,20130902,10:39:27,131.860000000,800
GAZP,0,20130902,10:39:27,131.860000000,100
GAZP,0,20130902,10:39:27,131.860000000,600
GAZP,0,20130902,10:39:28,131.860000000,700
GAZP,0,20130902,10:39:28,131.860000000,400
GAZP,0,20130902,10:39:32,131.860000000,2 000
GAZP,0,20130902,10:39:34,131.820000000,2 000
GAZP,0,20130902,10:39:34,131.810000000,8 000
GAZP,0,20130902,10:39:34,131.810000000,400
GAZP,0,20130902,10:39:34,131.810000000,600
GAZP,0,20130902,10:39:35,131.860000000,100
GAZP,0,20130902,10:39:35,131.810000000,8 170
GAZP,0,20130902,10:39:35,131.810000000,1 830
GAZP,0,20130902,10:39:36,131.860000000,600
GAZP,0,20130902,10:39:37,131.850000000,600
GAZP,0,20130902,10:39:37,131.850000000,150
GAZP,0,20130902,10:39:37,131.860000000,12 360
GAZP,0,20130902,10:39:37,131.860000000,300
GAZP,0,20130902,10:39:37,131.860000000,2 000
GAZP,0,20130902,10:39:37,131.870000000,500
GAZP,0,20130902,10:39:37,131.870000000,1 000
GAZP,0,20130902,10:39:37,131.890000000,400
GAZP,0,20130902,10:39:37,131.920000000,2 900
GAZP,0,20130902,10:39:37,131.970000000,300
GAZP,0,20130902,10:39:37,131.970000000,500
GAZP,0,20130902,10:39:37,131.970000000,30
GAZP,0,20130902,10:39:37,131.980000000,700
GAZP,0,20130902,10:39:37,132.000000000,1 000
GAZP,0,20130902,10:39:37,132.030000000,2 000
GAZP,0,20130902,10:39:37,132.040000000,700
GAZP,0,20130902,10:39:37,132.060000000,700
GAZP,0,20130902,10:39:37,132.050000000,500
GAZP,0,20130902,10:39:37,132.040000000,200
GAZP,0,20130902,10:39:37,131.990000000,500
GAZP,0,20130902,10:39:37,132.050000000,700
GAZP,0,20130902,10:39:37,131.990000000,300
GAZP,0,20130902,10:39:37,132.050000000,500
GAZP,0,20130902,10:39:38,131.990000000,200
GAZP,0,20130902,10:39:39,131.950000000,300
GAZP,0,20130902,10:39:39,131.970000000,300
GAZP,0,20130902,10:39:40,132.000000000,300
GAZP,0,20130902,10:39:40,132.000000000,300
GAZP,0,20130902,10:39:41,131.970000000,200
GAZP,0,20130902,10:39:41,131.940000000,100
GAZP,0,20130902,10:39:41,131.930000000,400
GAZP,0,20130902,10:39:41,132.000000000,500
GAZP,0,20130902,10:39:41,132.000000000,500
GAZP,0,20130902,10:39:41,132.000000000,900
GAZP,0,20130902,10:39:42,131.930000000,100
GAZP,0,20130902,10:39:42,131.930000000,100
GAZP,0,20130902,10:39:42,131.930000000,2 000
GAZP,0,20130902,10:39:42,131.920000000,600
GAZP,0,20130902,10:39:42,131.920000000,2 000
GAZP,0,20130902,10:39:42,131.920000000,600
GAZP,0,20130902,10:39:42,131.920000000,2 000
GAZP,0,20130902,10:39:42,131.880000000,700
GAZP,0,20130902,10:39:42,131.880000000,130
GAZP,0,20130902,10:39:42,131.860000000,1 770
GAZP,0,20130902,10:39:42,131.860000000,3 140
GAZP,0,20130902,10:39:42,131.860000000,4 240
GAZP,0,20130902,10:39:42,131.860000000,700
GAZP,0,20130902,10:39:42,131.860000000,2 000
GAZP,0,20130902,10:39:42,131.860000000,800
GAZP,0,20130902,10:39:45,131.870000000,20
GAZP,0,20130902,10:39:45,131.860000000,2 000
GAZP,0,20130902,10:39:45,131.910000000,130
GAZP,0,20130902,10:39:45,131.950000000,1 630
GAZP,0,20130902,10:39:50,131.950000000,2 000
GAZP,0,20130902,10:39:50,131.940000000,2 000
GAZP,0,20130902,10:39:54,131.930000000,1 460
GAZP,0,20130902,10:39:54,131.930000000,540
GAZP,0,20130902,10:39:54,131.940000000,560
GAZP,0,20130902,10:40:11,131.940000000,470
GAZP,0,20130902,10:40:11,131.940000000,220
GAZP,0,20130902,10:40:11,131.940000000,470
GAZP,0,20130902,10:40:11,131.940000000,190
GAZP,0,20130902,10:40:11,131.940000000,30
GAZP,0,20130902,10:40:14,131.950000000,300
GAZP,0,20130902,10:40:14,131.960000000,2 000
GAZP,0,20130902,10:40:14,131.970000000,600
GAZP,0,20130902,10:40:14,131.980000000,900
GAZP,0,20130902,10:40:14,131.990000000,2 000
GAZP,0,20130902,10:40:14,132.000000000,700
GAZP,0,20130902,10:40:14,132.000000000,58 510
GAZP,0,20130902,10:40:14,132.010000000,700
GAZP,0,20130902,10:40:14,132.020000000,520
GAZP,0,20130902,10:40:14,132.020000000,180
GAZP,0,20130902,10:40:14,132.070000000,300
GAZP,0,20130902,10:40:14,132.130000000,200
GAZP,0,20130902,10:40:14,132.170000000,300
GAZP,0,20130902,10:40:14,132.150000000,500
GAZP,0,20130902,10:40:14,132.150000000,1 500
GAZP,0,20130902,10:40:14,132.110000000,300
GAZP,0,20130902,10:40:14,132.190000000,190
GAZP,0,20130902,10:40:14,132.110000000,200
GAZP,0,20130902,10:40:14,132.090000000,2 000
GAZP,0,20130902,10:40:14,132.100000000,700
GAZP,0,20130902,10:40:14,132.100000000,300
GAZP,0,20130902,10:40:14,132.110000000,300
GAZP,0,20130902,10:40:14,132.110000000,2 000
GAZP,0,20130902,10:40:14,132.120000000,700
GAZP,0,20130902,10:40:14,132.120000000,300
GAZP,0,20130902,10:40:14,132.160000000,500
GAZP,0,20130902,10:40:14,132.220000000,3 650
GAZP,0,20130902,10:40:14,132.220000000,500
GAZP,0,20130902,10:40:14,132.230000000,400
GAZP,0,20130902,10:40:14,132.230000000,410
GAZP,0,20130902,10:40:14,132.100000000,700
GAZP,0,20130902,10:40:15,132.190000000,190
GAZP,0,20130902,10:40:15,132.130000000,530
GAZP,0,20130902,10:40:15,132.130000000,280
GAZP,0,20130902,10:40:15,132.100000000,700
GAZP,0,20130902,10:40:16,132.100000000,500
GAZP,0,20130902,10:40:17,132.110000000,10
GAZP,0,20130902,10:40:17,132.110000000,190
GAZP,0,20130902,10:40:17,132.100000000,110
GAZP,0,20130902,10:40:18,132.090000000,20
GAZP,0,20130902,10:40:18,132.070000000,2 000
GAZP,0,20130902,10:40:18,132.070000000,600
GAZP,0,20130902,10:40:18,131.970000000,700
GAZP,0,20130902,10:40:19,131.970000000,400
GAZP,0,20130902,10:40:20,131.970000000,200
GAZP,0,20130902,10:40:20,131.980000000,400
GAZP,0,20130902,10:40:21,131.970000000,200
GAZP,0,20130902,10:40:21,131.980000000,1 000
GAZP,0,20130902,10:40:25,131.970000000,170
GAZP,0,20130902,10:40:37,131.980000000,500
GAZP,0,20130902,10:40:43,131.960000000,10
GAZP,0,20130902,10:40:44,132.000000000,10
GAZP,0,20130902,10:40:45,131.960000000,40
GAZP,0,20130902,10:40:47,132.000000000,700
GAZP,0,20130902,10:40:47,132.000000000,1 500
GAZP,0,20130902,10:40:47,132.000000000,500
GAZP,0,20130902,10:40:47,132.000000000,1 500
GAZP,0,20130902,10:40:47,132.000000000,2 000
GAZP,0,20130902,10:40:47,132.000000000,200
GAZP,0,20130902,10:40:47,132.000000000,1 000
GAZP,0,20130902,10:40:47,132.010000000,300
GAZP,0,20130902,10:40:47,132.020000000,430
GAZP,0,20130902,10:40:47,132.000000000,4 000
GAZP,0,20130902,10:40:54,132.000000000,10
GAZP,0,20130902,10:40:55,132.000000000,1 000
GAZP,0,20130902,10:40:58,132.000000000,30 000
GAZP,0,20130902,10:41:24,132.010000000,30
GAZP,0,20130902,10:41:31,132.000000000,10
GAZP,0,20130902,10:41:40,132.000000000,70
GAZP,0,20130902,10:41:50,132.040000000,190
GAZP,0,20130902,10:41:50,132.000000000,240
GAZP,0,20130902,10:41:52,132.010000000,3 000
GAZP,0,20130902,10:41:55,132.010000000,1 500
GAZP,0,20130902,10:41:55,132.010000000,500
GAZP,0,20130902,10:41:58,132.040000000,100
GAZP,0,20130902,10:41:58,132.040000000,10
GAZP,0,20130902,10:42:13,132.050000000,500
GAZP,0,20130902,10:42:24,132.020000000,500
GAZP,0,20130902,10:42:24,132.020000000,500
GAZP,0,20130902,10:42:36,132.010000000,500
GAZP,0,20130902,10:42:36,132.010000000,1 500
GAZP,0,20130902,10:42:49,132.040000000,20
GAZP,0,20130902,10:42:57,132.040000000,300
GAZP,0,20130902,10:42:59,132.020000000,2 000
GAZP,0,20130902,10:43:03,132.020000000,10
GAZP,0,20130902,10:43:10,132.040000000,30
GAZP,0,20130902,10:43:26,132.020000000,100
GAZP,0,20130902,10:43:30,132.020000000,370
GAZP,0,20130902,10:43:30,132.020000000,300
GAZP,0,20130902,10:43:35,132.020000000,1 960
GAZP,0,20130902,10:43:42,132.020000000,500
GAZP,0,20130902,10:44:07,132.020000000,1 000
GAZP,0,20130902,10:44:18,132.020000000,2 000
GAZP,0,20130902,10:44:18,132.020000000,1 760
GAZP,0,20130902,10:44:18,132.010000000,500
GAZP,0,20130902,10:44:30,132.000000000,340
GAZP,0,20130902,10:44:30,132.000000000,500
GAZP,0,20130902,10:44:30,132.000000000,900
GAZP,0,20130902,10:44:30,132.000000000,500
GAZP,0,20130902,10:44:32,132.000000000,200
GAZP,0,20130902,10:44:32,132.000000000,500
GAZP,0,20130902,10:44:32,132.000000000,500
GAZP,0,20130902,10:44:33,132.000000000,20
GAZP,0,20130902,10:44:34,132.000000000,400
GAZP,0,20130902,10:44:35,132.000000000,400
GAZP,0,20130902,10:44:35,132.000000000,400
GAZP,0,20130902,10:44:36,132.000000000,600
GAZP,0,20130902,10:45:01,132.000000000,1 000
GAZP,0,20130902,10:45:33,132.030000000,280
GAZP,0,20130902,10:45:39,132.030000000,300
GAZP,0,20130902,10:45:48,132.000000000,30
GAZP,0,20130902,10:45:52,132.000000000,30
GAZP,0,20130902,10:45:56,132.000000000,30
GAZP,0,20130902,10:45:59,132.000000000,30
GAZP,0,20130902,10:46:03,132.000000000,30
GAZP,0,20130902,10:46:04,132.000000000,150
GAZP,0,20130902,10:46:04,132.000000000,300
GAZP,0,20130902,10:46:06,132.000000000,30
GAZP,0,20130902,10:46:11,132.000000000,30
GAZP,0,20130902,10:46:17,132.010000000,50
GAZP,0,20130902,10:46:17,132.010000000,500
GAZP,0,20130902,10:46:17,132.010000000,290
GAZP,0,20130902,10:46:18,132.010000000,500
GAZP,0,20130902,10:46:20,132.020000000,10
GAZP,0,20130902,10:46:25,132.020000000,10
GAZP,0,20130902,10:46:27,132.020000000,10
GAZP,0,20130902,10:46:27,132.020000000,820
GAZP,0,20130902,10:46:30,132.010000000,1 500
GAZP,0,20130902,10:46:30,132.000000000,2 500
GAZP,0,20130902,10:46:30,132.000000000,4 000
GAZP,0,20130902,10:46:30,132.000000000,300
GAZP,0,20130902,10:46:30,132.000000000,3 550
GAZP,0,20130902,10:46:30,132.000000000,450
GAZP,0,20130902,10:46:30,132.000000000,550
GAZP,0,20130902,10:46:30,132.000000000,950
GAZP,0,20130902,10:46:30,132.000000000,2 000
GAZP,0,20130902,10:46:30,132.000000000,580
GAZP,0,20130902,10:46:30,132.000000000,470
GAZP,0,20130902,10:46:30,132.000000000,500
GAZP,0,20130902,10:46:30,131.970000000,2 000
GAZP,0,20130902,10:46:30,131.950000000,10
GAZP,0,20130902,10:46:30,131.910000000,700
GAZP,0,20130902,10:46:31,131.870000000,10
GAZP,0,20130902,10:46:31,131.860000000,90
GAZP,0,20130902,10:46:36,131.880000000,200
GAZP,0,20130902,10:46:37,131.920000000,830
GAZP,0,20130902,10:46:47,131.920000000,300
GAZP,0,20130902,10:46:47,131.930000000,530
GAZP,0,20130902,10:46:51,131.960000000,2 000
GAZP,0,20130902,10:46:51,131.960000000,300
GAZP,0,20130902,10:46:51,131.970000000,2 070
GAZP,0,20130902,10:46:51,131.980000000,4 000
GAZP,0,20130902,10:46:51,131.980000000,30
GAZP,0,20130902,10:46:51,131.990000000,10 400
GAZP,0,20130902,10:46:51,132.000000000,1 200
GAZP,0,20130902,10:46:57,131.980000000,210
GAZP,0,20130902,10:46:57,131.980000000,30
GAZP,0,20130902,10:46:57,131.990000000,600
GAZP,0,20130902,10:46:58,131.990000000,500
GAZP,0,20130902,10:46:58,131.990000000,7 500
GAZP,0,20130902,10:46:58,131.990000000,4 000
GAZP,0,20130902,10:46:58,131.990000000,300
GAZP,0,20130902,10:46:58,132.000000000,300
GAZP,0,20130902,10:46:58,132.000000000,4 000
GAZP,0,20130902,10:46:58,132.000000000,3 400
GAZP,0,20130902,10:46:58,132.000000000,600
GAZP,0,20130902,10:46:59,132.020000000,180
GAZP,0,20130902,10:46:59,132.020000000,30
GAZP,0,20130902,10:46:59,132.010000000,30
GAZP,0,20130902,10:46:59,132.030000000,10
GAZP,0,20130902,10:47:00,132.030000000,10
GAZP,0,20130902,10:47:03,132.030000000,280
GAZP,0,20130902,10:47:03,132.030000000,20
GAZP,0,20130902,10:47:03,132.030000000,60
GAZP,0,20130902,10:47:05,132.030000000,30
GAZP,0,20130902,10:47:07,132.040000000,650
GAZP,0,20130902,10:47:07,132.050000000,180
GAZP,0,20130902,10:47:08,132.050000000,2 100
GAZP,0,20130902,10:47:08,132.040000000,30
GAZP,0,20130902,10:47:11,132.040000000,1 000
GAZP,0,20130902,10:47:17,132.050000000,830
GAZP,0,20130902,10:47:18,132.020000000,700
GAZP,0,20130902,10:47:18,132.050000000,10 000
GAZP,0,20130902,10:47:24,132.000000000,30
GAZP,0,20130902,10:47:27,132.000000000,20
GAZP,0,20130902,10:47:27,132.000000000,10
GAZP,0,20130902,10:47:28,132.020000000,30
GAZP,0,20130902,10:47:28,132.020000000,140
GAZP,0,20130902,10:47:28,132.050000000,670
GAZP,0,20130902,10:47:30,132.000000000,10
GAZP,0,20130902,10:47:30,132.050000000,10
GAZP,0,20130902,10:47:35,132.000000000,30
GAZP,0,20130902,10:47:36,132.000000000,1 000
GAZP,0,20130902,10:47:38,132.020000000,30
GAZP,0,20130902,10:47:38,132.050000000,800
GAZP,0,20130902,10:47:43,132.020000000,10
GAZP,0,20130902,10:47:47,132.000000000,10
GAZP,0,20130902,10:47:48,132.020000000,20
GAZP,0,20130902,10:47:48,132.050000000,810
GAZP,0,20130902,10:47:48,132.050000000,10
GAZP,0,20130902,10:47:58,132.020000000,30
GAZP,0,20130902,10:47:58,132.020000000,300
GAZP,0,20130902,10:47:58,132.020000000,500
GAZP,0,20130902,10:47:58,132.030000000,10
GAZP,0,20130902,10:48:08,132.020000000,500
GAZP,0,20130902,10:48:08,132.020000000,30
GAZP,0,20130902,10:48:08,132.030000000,300
GAZP,0,20130902,10:48:18,132.020000000,30
GAZP,0,20130902,10:48:18,132.030000000,300
GAZP,0,20130902,10:48:18,132.030000000,500
GAZP,0,20130902,10:48:18,132.010000000,1 000
GAZP,0,20130902,10:48:18,132.010000000,30
GAZP,0,20130902,10:48:28,132.020000000,30
GAZP,0,20130902,10:48:28,132.030000000,810
GAZP,0,20130902,10:48:38,132.020000000,30
GAZP,0,20130902,10:48:38,132.030000000,300
GAZP,0,20130902,10:48:38,132.030000000,500
