<TICKER>,<PER>,<DATE>,<TIME>,<LAST>,<VOL>
GAZP,0,20130801,09:59:59,129.500000000,30
GAZP,0,20130801,09:59:59,129.500000000,10
GAZP,0,20130801,09:59:59,129.500000000,50
GAZP,0,20130801,09:59:59,129.500000000,10
GAZP,0,20130801,09:59:59,129.500000000,10
GAZP,0,20130801,09:59:59,129.500000000,10
GAZP,0,20130801,09:59:59,129.500000000,10
GAZP,0,20130801,09:59:59,129.500000000,10
GAZP,0,20130801,09:59:59,129.500000000,10
GAZP,0,20130801,09:59:59,129.500000000,10
GAZP,0,20130801,09:59:59,129.500000000,10
GAZP,0,20130801,09:59:59,129.500000000,10
GAZP,0,20130801,09:59:59,129.500000000,10
GAZP,0,20130801,09:59:59,129.500000000,10
GAZP,0,20130801,09:59:59,129.500000000,10
GAZP,0,20130801,09:59:59,129.500000000,10
GAZP,0,20130801,09:59:59,129.500000000,50
GAZP,0,20130801,09:59:59,129.500000000,50
GAZP,0,20130801,09:59:59,129.500000000,30
GAZP,0,20130801,09:59:59,129.500000000,70
GAZP,0,20130801,09:59:59,129.500000000,10
GAZP,0,20130801,09:59:59,129.500000000,50
GAZP,0,20130801,09:59:59,129.500000000,70
GAZP,0,20130801,09:59:59,129.500000000,100
GAZP,0,20130801,09:59:59,129.500000000,50
GAZP,0,20130801,09:59:59,129.500000000,10
GAZP,0,20130801,09:59:59,129.500000000,10
GAZP,0,20130801,09:59:59,129.500000000,1 630
GAZP,0,20130801,09:59:59,129.500000000,770
GAZP,0,20130801,09:59:59,129.500000000,200
GAZP,0,20130801,09:59:59,129.500000000,580
GAZP,0,20130801,09:59:59,129.500000000,500
GAZP,0,20130801,09:59:59,129.500000000,400
GAZP,0,20130801,09:59:59,129.500000000,920
GAZP,0,20130801,09:59:59,129.500000000,50
GAZP,0,20130801,09:59:59,129.500000000,10
GAZP,0,20130801,09:59:59,129.500000000,10
GAZP,0,20130801,09:59:59,129.500000000,10
GAZP,0,20130801,09:59:59,129.500000000,290
GAZP,0,20130801,09:59:59,129.500000000,50
GAZP,0,20130801,09:59:59,129.500000000,60
GAZP,0,20130801,09:59:59,129.500000000,50
GAZP,0,20130801,09:59:59,129.500000000,40
GAZP,0,20130801,09:59:59,129.500000000,4 850
GAZP,0,20130801,09:59:59,129.500000000,400
GAZP,0,20130801,09:59:59,129.500000000,1 000
GAZP,0,20130801,09:59:59,129.500000000,1 000
GAZP,0,20130801,09:59:59,129.500000000,640
GAZP,0,20130801,09:59:59,129.500000000,360
GAZP,0,20130801,09:59:59,129.500000000,1 000
GAZP,0,20130801,09:59:59,129.500000000,40
GAZP,0,20130801,10:00:00,129.500000000,50
GAZP,0,20130801,10:00:00,129.500000000,10
GAZP,0,20130801,10:00:00,129.500000000,10
GAZP,0,20130801,10:00:00,129.500000000,200
GAZP,0,20130801,10:00:00,129.500000000,60
GAZP,0,20130801,10:00:01,129.500000000,20
GAZP,0,20130801,10:00:01,129.450000000,400
GAZP,0,20130801,10:00:01,129.350000000,600
GAZP,0,20130801,10:00:01,129.490000000,100
GAZP,0,20130801,10:00:01,129.360000000,10
GAZP,0,20130801,10:00:01,129.490000000,3 900
GAZP,0,20130801,10:00:01,129.500000000,90
GAZP,0,20130801,10:00:01,129.500000000,1 000
GAZP,0,20130801,10:00:02,129.490000000,450
GAZP,0,20130801,10:00:02,129.490000000,500
GAZP,0,20130801,10:00:02,129.490000000,600
GAZP,0,20130801,10:00:02,129.490000000,600
GAZP,0,20130801,10:00:02,129.450000000,10
GAZP,0,20130801,10:00:02,129.490000000,1 600
GAZP,0,20130801,10:00:02,129.500000000,1 190
GAZP,0,20130801,10:00:02,129.500000000,5 100
GAZP,0,20130801,10:00:02,129.500000000,300
GAZP,0,20130801,10:00:02,129.440000000,10
GAZP,0,20130801,10:00:02,129.500000000,6 790
GAZP,0,20130801,10:00:02,129.500000000,1 000
GAZP,0,20130801,10:00:02,129.500000000,500
GAZP,0,20130801,10:00:02,129.500000000,100
GAZP,0,20130801,10:00:02,129.500000000,700
GAZP,0,20130801,10:00:02,129.500000000,300
GAZP,0,20130801,10:00:02,129.500000000,20 700
GAZP,0,20130801,10:00:02,129.500000000,500
GAZP,0,20130801,10:00:03,129.500000000,100
GAZP,0,20130801,10:00:03,129.500000000,900
GAZP,0,20130801,10:00:03,129.500000000,500
GAZP,0,20130801,10:00:03,129.500000000,200
GAZP,0,20130801,10:00:03,129.500000000,900
GAZP,0,20130801,10:00:03,129.490000000,200
GAZP,0,20130801,10:00:03,129.490000000,400
GAZP,0,20130801,10:00:03,129.500000000,200
GAZP,0,20130801,10:00:03,129.500000000,1 800
GAZP,0,20130801,10:00:03,129.500000000,200
GAZP,0,20130801,10:00:03,129.500000000,300
GAZP,0,20130801,10:00:03,129.500000000,1 000
GAZP,0,20130801,10:00:03,129.500000000,220
GAZP,0,20130801,10:00:03,129.500000000,400
GAZP,0,20130801,10:00:03,129.500000000,100
GAZP,0,20130801,10:00:03,129.500000000,3 000
GAZP,0,20130801,10:00:03,129.500000000,1 200
GAZP,0,20130801,10:00:03,129.500000000,400
GAZP,0,20130801,10:00:03,129.500000000,500
GAZP,0,20130801,10:00:03,129.500000000,300
GAZP,0,20130801,10:00:03,129.500000000,100
GAZP,0,20130801,10:00:03,129.500000000,1 050
GAZP,0,20130801,10:00:03,129.490000000,150
GAZP,0,20130801,10:00:03,129.500000000,500
GAZP,0,20130801,10:00:03,129.500000000,1 000
GAZP,0,20130801,10:00:03,129.500000000,100
GAZP,0,20130801,10:00:03,129.500000000,100
GAZP,0,20130801,10:00:04,129.500000000,100
GAZP,0,20130801,10:00:04,129.500000000,100
GAZP,0,20130801,10:00:04,129.500000000,100
GAZP,0,20130801,10:00:04,129.500000000,500
GAZP,0,20130801,10:00:04,129.500000000,500
GAZP,0,20130801,10:00:04,129.500000000,100
GAZP,0,20130801,10:00:04,129.500000000,900
GAZP,0,20130801,10:00:04,129.500000000,1 100
GAZP,0,20130801,10:00:04,129.500000000,100
GAZP,0,20130801,10:00:04,129.500000000,3 000
GAZP,0,20130801,10:00:04,129.500000000,300
GAZP,0,20130801,10:00:04,129.500000000,400
GAZP,0,20130801,10:00:04,129.500000000,880
GAZP,0,20130801,10:00:04,129.500000000,3 000
GAZP,0,20130801,10:00:04,129.500000000,1 200
GAZP,0,20130801,10:00:04,129.500000000,220
GAZP,0,20130801,10:00:04,129.500000000,100
GAZP,0,20130801,10:00:04,129.500000000,100
GAZP,0,20130801,10:00:04,129.500000000,100
GAZP,0,20130801,10:00:04,129.500000000,100
GAZP,0,20130801,10:00:04,129.500000000,500
GAZP,0,20130801,10:00:05,129.500000000,200
GAZP,0,20130801,10:00:05,129.500000000,660
GAZP,0,20130801,10:00:05,129.500000000,100
GAZP,0,20130801,10:00:05,129.500000000,2 700
GAZP,0,20130801,10:00:05,129.500000000,300
GAZP,0,20130801,10:00:05,129.500000000,2 500
GAZP,0,20130801,10:00:05,129.500000000,100
GAZP,0,20130801,10:00:05,129.500000000,2 500
GAZP,0,20130801,10:00:05,129.500000000,100
GAZP,0,20130801,10:00:05,129.500000000,200
GAZP,0,20130801,10:00:05,129.500000000,3 800
GAZP,0,20130801,10:00:05,129.500000000,1 650
GAZP,0,20130801,10:00:05,129.500000000,3 500
GAZP,0,20130801,10:00:05,129.500000000,500
GAZP,0,20130801,10:00:05,129.500000000,300
GAZP,0,20130801,10:00:05,129.500000000,100
GAZP,0,20130801,10:00:05,129.500000000,500
GAZP,0,20130801,10:00:05,129.500000000,400
GAZP,0,20130801,10:00:05,129.500000000,100
GAZP,0,20130801,10:00:06,129.500000000,100
GAZP,0,20130801,10:00:06,129.500000000,1 600
GAZP,0,20130801,10:00:06,129.500000000,1 200
GAZP,0,20130801,10:00:06,129.500000000,1 310
GAZP,0,20130801,10:00:06,129.500000000,100
GAZP,0,20130801,10:00:06,129.500000000,300
GAZP,0,20130801,10:00:06,129.500000000,100
GAZP,0,20130801,10:00:06,129.500000000,160
GAZP,0,20130801,10:00:06,129.500000000,40
GAZP,0,20130801,10:00:06,129.500000000,10
GAZP,0,20130801,10:00:06,129.500000000,80
GAZP,0,20130801,10:00:06,129.500000000,10
GAZP,0,20130801,10:00:06,129.500000000,200
GAZP,0,20130801,10:00:06,129.500000000,100
GAZP,0,20130801,10:00:06,129.500000000,100
GAZP,0,20130801,10:00:07,129.500000000,100
GAZP,0,20130801,10:00:07,129.500000000,100
GAZP,0,20130801,10:00:07,129.490000000,1 000
GAZP,0,20130801,10:00:07,129.500000000,500
GAZP,0,20130801,10:00:07,129.500000000,100
GAZP,0,20130801,10:00:07,129.500000000,90
GAZP,0,20130801,10:00:07,129.510000000,10
GAZP,0,20130801,10:00:07,129.490000000,10
GAZP,0,20130801,10:00:08,129.490000000,10
GAZP,0,20130801,10:00:09,129.490000000,10
GAZP,0,20130801,10:00:09,129.490000000,170
GAZP,0,20130801,10:00:09,129.490000000,200
GAZP,0,20130801,10:00:09,129.490000000,770
GAZP,0,20130801,10:00:09,129.460000000,1 000
GAZP,0,20130801,10:00:09,129.460000000,360
GAZP,0,20130801,10:00:09,129.390000000,3 140
GAZP,0,20130801,10:00:09,129.380000000,750
GAZP,0,20130801,10:00:09,129.380000000,110
GAZP,0,20130801,10:00:09,129.400000000,150
GAZP,0,20130801,10:00:10,129.410000000,10
GAZP,0,20130801,10:00:11,129.500000000,1 000
GAZP,0,20130801,10:00:11,129.500000000,9 100
GAZP,0,20130801,10:00:11,129.500000000,400
GAZP,0,20130801,10:00:11,129.500000000,500
GAZP,0,20130801,10:00:11,129.490000000,200
GAZP,0,20130801,10:00:14,129.490000000,100
GAZP,0,20130801,10:00:15,129.460000000,10
GAZP,0,20130801,10:00:15,129.470000000,300
GAZP,0,20130801,10:00:16,129.500000000,10
GAZP,0,20130801,10:00:17,129.500000000,900
GAZP,0,20130801,10:00:19,129.500000000,2 000
GAZP,0,20130801,10:00:19,129.490000000,140
GAZP,0,20130801,10:00:19,129.480000000,100
GAZP,0,20130801,10:00:22,129.410000000,100
GAZP,0,20130801,10:00:22,129.410000000,120
GAZP,0,20130801,10:00:23,129.490000000,10
GAZP,0,20130801,10:00:24,129.490000000,2 000
GAZP,0,20130801,10:00:24,129.490000000,900
GAZP,0,20130801,10:00:24,129.490000000,500
GAZP,0,20130801,10:00:24,129.490000000,200
GAZP,0,20130801,10:00:24,129.490000000,100
GAZP,0,20130801,10:00:24,129.490000000,100
GAZP,0,20130801,10:00:24,129.490000000,500
GAZP,0,20130801,10:00:24,129.490000000,300
GAZP,0,20130801,10:00:24,129.430000000,20
GAZP,0,20130801,10:00:24,129.420000000,10
GAZP,0,20130801,10:00:25,129.490000000,390
GAZP,0,20130801,10:00:25,129.500000000,6 090
GAZP,0,20130801,10:00:25,129.500000000,100
GAZP,0,20130801,10:00:25,129.510000000,8 420
GAZP,0,20130801,10:00:25,129.480000000,20
GAZP,0,20130801,10:00:25,129.510000000,100
GAZP,0,20130801,10:00:25,129.510000000,280
GAZP,0,20130801,10:00:27,129.510000000,500
GAZP,0,20130801,10:00:28,129.510000000,200
GAZP,0,20130801,10:00:28,129.510000000,480
GAZP,0,20130801,10:00:28,129.510000000,10
GAZP,0,20130801,10:00:28,129.550000000,10
GAZP,0,20130801,10:00:28,129.600000000,10
GAZP,0,20130801,10:00:28,129.600000000,50
GAZP,0,20130801,10:00:28,129.600000000,200
GAZP,0,20130801,10:00:28,129.600000000,220
GAZP,0,20130801,10:00:28,129.610000000,190
GAZP,0,20130801,10:00:28,129.620000000,10
GAZP,0,20130801,10:00:28,129.620000000,300
GAZP,0,20130801,10:00:28,129.630000000,10
GAZP,0,20130801,10:00:28,129.630000000,190
GAZP,0,20130801,10:00:28,129.630000000,100
GAZP,0,20130801,10:00:28,129.630000000,500
GAZP,0,20130801,10:00:28,129.630000000,210
GAZP,0,20130801,10:00:28,129.650000000,90
GAZP,0,20130801,10:00:29,129.650000000,470
GAZP,0,20130801,10:00:29,129.650000000,10
GAZP,0,20130801,10:00:29,129.660000000,10
GAZP,0,20130801,10:00:29,129.660000000,10
GAZP,0,20130801,10:00:29,129.660000000,110
GAZP,0,20130801,10:00:29,129.670000000,8 000
GAZP,0,20130801,10:00:29,129.680000000,10
GAZP,0,20130801,10:00:29,129.690000000,50
GAZP,0,20130801,10:00:29,129.690000000,500
GAZP,0,20130801,10:00:29,129.700000000,2 450
GAZP,0,20130801,10:00:29,129.700000000,50
GAZP,0,20130801,10:00:29,129.700000000,200
GAZP,0,20130801,10:00:29,129.720000000,10
GAZP,0,20130801,10:00:29,129.740000000,30
GAZP,0,20130801,10:00:29,129.750000000,10
GAZP,0,20130801,10:00:29,129.750000000,10
GAZP,0,20130801,10:00:29,129.770000000,10
GAZP,0,20130801,10:00:29,129.770000000,10
GAZP,0,20130801,10:00:29,129.770000000,400
GAZP,0,20130801,10:00:29,129.770000000,1 000
GAZP,0,20130801,10:00:29,129.780000000,170
GAZP,0,20130801,10:00:29,129.680000000,10
GAZP,0,20130801,10:00:29,129.680000000,10
GAZP,0,20130801,10:00:29,129.700000000,10
GAZP,0,20130801,10:00:29,129.780000000,1 430
GAZP,0,20130801,10:00:29,129.790000000,50
GAZP,0,20130801,10:00:29,129.790000000,50
GAZP,0,20130801,10:00:29,129.790000000,1 130
GAZP,0,20130801,10:00:29,129.740000000,20
GAZP,0,20130801,10:00:29,129.780000000,20
GAZP,0,20130801,10:00:30,129.780000000,20
GAZP,0,20130801,10:00:30,129.780000000,10
GAZP,0,20130801,10:00:30,129.790000000,1 000
GAZP,0,20130801,10:00:31,129.780000000,90
GAZP,0,20130801,10:00:31,129.760000000,490
GAZP,0,20130801,10:00:31,129.750000000,300
GAZP,0,20130801,10:00:31,129.750000000,1 000
GAZP,0,20130801,10:00:31,129.730000000,310
GAZP,0,20130801,10:00:31,129.720000000,400
GAZP,0,20130801,10:00:31,129.720000000,700
GAZP,0,20130801,10:00:31,129.710000000,1 710
GAZP,0,20130801,10:00:31,129.720000000,10
GAZP,0,20130801,10:00:32,129.780000000,100
GAZP,0,20130801,10:00:32,129.790000000,50
GAZP,0,20130801,10:00:32,129.790000000,500
GAZP,0,20130801,10:00:32,129.790000000,10
GAZP,0,20130801,10:00:33,129.790000000,300
GAZP,0,20130801,10:00:34,129.780000000,50
GAZP,0,20130801,10:00:34,129.790000000,2 010
GAZP,0,20130801,10:00:34,129.800000000,50
GAZP,0,20130801,10:00:34,129.800000000,10
GAZP,0,20130801,10:00:34,129.800000000,200
GAZP,0,20130801,10:00:34,129.800000000,500
GAZP,0,20130801,10:00:34,129.800000000,500
GAZP,0,20130801,10:00:35,129.810000000,10
GAZP,0,20130801,10:00:35,129.820000000,10
GAZP,0,20130801,10:00:35,129.830000000,10
GAZP,0,20130801,10:00:35,129.840000000,10
GAZP,0,20130801,10:00:35,129.850000000,10
GAZP,0,20130801,10:00:35,129.850000000,350
GAZP,0,20130801,10:00:35,129.850000000,700
GAZP,0,20130801,10:00:35,129.860000000,10
GAZP,0,20130801,10:00:35,129.870000000,10
GAZP,0,20130801,10:00:35,129.870000000,120
GAZP,0,20130801,10:00:35,129.880000000,10
GAZP,0,20130801,10:00:35,129.880000000,10
GAZP,0,20130801,10:00:35,129.880000000,100
GAZP,0,20130801,10:00:35,129.880000000,640
GAZP,0,20130801,10:00:35,129.800000000,10
GAZP,0,20130801,10:00:35,129.860000000,550
GAZP,0,20130801,10:00:35,129.870000000,950
GAZP,0,20130801,10:00:36,129.840000000,500
GAZP,0,20130801,10:00:36,129.860000000,20
GAZP,0,20130801,10:00:36,129.860000000,20
GAZP,0,20130801,10:00:36,129.860000000,20
GAZP,0,20130801,10:00:36,129.870000000,120
GAZP,0,20130801,10:00:36,129.880000000,670
GAZP,0,20130801,10:00:36,129.890000000,50
GAZP,0,20130801,10:00:36,129.890000000,200
GAZP,0,20130801,10:00:36,129.890000000,10
GAZP,0,20130801,10:00:36,129.890000000,270
GAZP,0,20130801,10:00:36,129.900000000,10
GAZP,0,20130801,10:00:36,129.900000000,200
GAZP,0,20130801,10:00:36,129.900000000,90
GAZP,0,20130801,10:00:36,129.900000000,10
GAZP,0,20130801,10:00:36,129.900000000,200
GAZP,0,20130801,10:00:36,129.910000000,10
GAZP,0,20130801,10:00:36,129.920000000,10
GAZP,0,20130801,10:00:36,129.930000000,10
GAZP,0,20130801,10:00:36,129.940000000,10
GAZP,0,20130801,10:00:36,129.940000000,220
GAZP,0,20130801,10:00:36,129.840000000,200
GAZP,0,20130801,10:00:37,129.820000000,30
GAZP,0,20130801,10:00:37,129.820000000,70
GAZP,0,20130801,10:00:37,129.900000000,20
GAZP,0,20130801,10:00:37,129.900000000,20
GAZP,0,20130801,10:00:37,129.940000000,160
GAZP,0,20130801,10:00:37,129.810000000,40
GAZP,0,20130801,10:00:37,129.900000000,20
GAZP,0,20130801,10:00:37,129.900000000,20
GAZP,0,20130801,10:00:37,129.910000000,500
GAZP,0,20130801,10:00:37,129.910000000,500
GAZP,0,20130801,10:00:37,129.940000000,10
GAZP,0,20130801,10:00:37,129.940000000,1 280
GAZP,0,20130801,10:00:37,129.950000000,10
GAZP,0,20130801,10:00:37,129.950000000,10
GAZP,0,20130801,10:00:37,129.950000000,50
GAZP,0,20130801,10:00:37,129.950000000,30
GAZP,0,20130801,10:00:37,129.960000000,10
GAZP,0,20130801,10:00:37,129.960000000,700
GAZP,0,20130801,10:00:37,129.970000000,10
GAZP,0,20130801,10:00:37,129.970000000,120
GAZP,0,20130801,10:00:37,129.980000000,200
GAZP,0,20130801,10:00:37,129.980000000,10
GAZP,0,20130801,10:00:37,129.980000000,10
GAZP,0,20130801,10:00:37,129.980000000,10
GAZP,0,20130801,10:00:37,129.980000000,4 240
GAZP,0,20130801,10:00:37,129.870000000,200
GAZP,0,20130801,10:00:37,129.890000000,200
GAZP,0,20130801,10:00:38,129.860000000,300
GAZP,0,20130801,10:00:38,129.890000000,100
GAZP,0,20130801,10:00:39,129.900000000,2 000
GAZP,0,20130801,10:00:39,129.910000000,600
GAZP,0,20130801,10:00:39,129.920000000,1 200
GAZP,0,20130801,10:00:39,129.940000000,200
GAZP,0,20130801,10:00:40,129.860000000,30
GAZP,0,20130801,10:00:42,129.930000000,150
GAZP,0,20130801,10:00:42,129.830000000,500
GAZP,0,20130801,10:00:42,129.920000000,100
GAZP,0,20130801,10:00:44,129.930000000,580
GAZP,0,20130801,10:00:44,129.930000000,20
GAZP,0,20130801,10:00:44,129.950000000,140
GAZP,0,20130801,10:00:44,129.950000000,410
GAZP,0,20130801,10:00:44,129.900000000,10 000
GAZP,0,20130801,10:00:45,129.850000000,20
GAZP,0,20130801,10:00:45,129.820000000,30
GAZP,0,20130801,10:00:45,129.900000000,50
GAZP,0,20130801,10:00:45,129.910000000,30
GAZP,0,20130801,10:00:45,129.910000000,500
GAZP,0,20130801,10:00:45,129.910000000,30
GAZP,0,20130801,10:00:45,129.920000000,390
GAZP,0,20130801,10:00:46,129.930000000,10
GAZP,0,20130801,10:00:47,129.860000000,20
GAZP,0,20130801,10:00:47,129.850000000,500
GAZP,0,20130801,10:00:47,129.850000000,480
GAZP,0,20130801,10:00:49,129.900000000,1 250
GAZP,0,20130801,10:00:49,129.930000000,10
GAZP,0,20130801,10:00:50,129.860000000,30
GAZP,0,20130801,10:00:50,129.900000000,3 000
GAZP,0,20130801,10:00:50,129.900000000,11 500
GAZP,0,20130801,10:00:50,129.900000000,2 000
GAZP,0,20130801,10:00:50,129.900000000,500
GAZP,0,20130801,10:00:51,129.900000000,500
GAZP,0,20130801,10:00:51,129.900000000,300
GAZP,0,20130801,10:00:51,129.900000000,500
GAZP,0,20130801,10:00:51,129.900000000,200
GAZP,0,20130801,10:00:51,129.900000000,300
GAZP,0,20130801,10:00:52,129.850000000,10
GAZP,0,20130801,10:00:52,129.900000000,200
GAZP,0,20130801,10:00:52,129.850000000,20
GAZP,0,20130801,10:00:52,129.840000000,620
GAZP,0,20130801,10:00:52,129.840000000,60
GAZP,0,20130801,10:00:52,129.900000000,50
GAZP,0,20130801,10:00:52,129.900000000,200
GAZP,0,20130801,10:00:52,129.900000000,100
GAZP,0,20130801,10:00:53,129.870000000,20
GAZP,0,20130801,10:00:53,129.900000000,650
GAZP,0,20130801,10:00:53,129.930000000,2 490
GAZP,0,20130801,10:00:53,129.960000000,60
GAZP,0,20130801,10:00:53,129.980000000,760
GAZP,0,20130801,10:00:53,129.980000000,40
GAZP,0,20130801,10:00:53,129.970000000,600
GAZP,0,20130801,10:00:53,129.970000000,200
GAZP,0,20130801,10:00:53,129.970000000,500
GAZP,0,20130801,10:00:53,129.880000000,480
GAZP,0,20130801,10:00:54,129.960000000,20
GAZP,0,20130801,10:00:54,129.970000000,220
GAZP,0,20130801,10:00:54,129.980000000,260
GAZP,0,20130801,10:00:54,129.920000000,300
GAZP,0,20130801,10:00:54,129.920000000,50
GAZP,0,20130801,10:00:55,129.910000000,80
GAZP,0,20130801,10:00:55,129.920000000,400
GAZP,0,20130801,10:00:55,129.920000000,300
GAZP,0,20130801,10:00:55,129.920000000,250
GAZP,0,20130801,10:00:55,129.980000000,200
GAZP,0,20130801,10:00:55,129.980000000,10
GAZP,0,20130801,10:00:55,129.980000000,40
GAZP,0,20130801,10:00:55,129.980000000,100
GAZP,0,20130801,10:00:55,129.980000000,500
GAZP,0,20130801,10:00:55,129.910000000,20
GAZP,0,20130801,10:00:55,129.900000000,10
GAZP,0,20130801,10:00:56,129.920000000,1 000
GAZP,0,20130801,10:00:57,129.900000000,1 800
GAZP,0,20130801,10:00:57,129.900000000,190
GAZP,0,20130801,10:00:57,129.930000000,100
GAZP,0,20130801,10:00:59,129.920000000,20
GAZP,0,20130801,10:00:59,129.960000000,10
GAZP,0,20130801,10:00:59,129.980000000,970
GAZP,0,20130801,10:00:59,129.970000000,180
GAZP,0,20130801,10:00:59,129.970000000,500
GAZP,0,20130801,10:00:59,129.980000000,6 390
GAZP,0,20130801,10:00:59,129.980000000,1 000
GAZP,0,20130801,10:00:59,129.990000000,10
GAZP,0,20130801,10:00:59,129.990000000,50
GAZP,0,20130801,10:00:59,129.990000000,10
GAZP,0,20130801,10:00:59,129.990000000,910
GAZP,0,20130801,10:00:59,129.990000000,20
GAZP,0,20130801,10:00:59,129.990000000,20
GAZP,0,20130801,10:00:59,129.990000000,20
GAZP,0,20130801,10:00:59,129.990000000,300
GAZP,0,20130801,10:00:59,130.000000000,10
GAZP,0,20130801,10:00:59,130.000000000,1 000
GAZP,0,20130801,10:00:59,130.000000000,20
GAZP,0,20130801,10:00:59,130.000000000,10
GAZP,0,20130801,10:00:59,130.000000000,10
GAZP,0,20130801,10:00:59,130.000000000,200
GAZP,0,20130801,10:00:59,130.000000000,20
GAZP,0,20130801,10:00:59,130.000000000,20
GAZP,0,20130801,10:00:59,130.000000000,500
GAZP,0,20130801,10:00:59,130.000000000,300
GAZP,0,20130801,10:00:59,130.000000000,1 000
GAZP,0,20130801,10:00:59,130.000000000,100
GAZP,0,20130801,10:00:59,130.000000000,20
GAZP,0,20130801,10:00:59,130.000000000,1 000
GAZP,0,20130801,10:00:59,130.000000000,2 500
GAZP,0,20130801,10:00:59,130.000000000,38 660
GAZP,0,20130801,10:00:59,130.000000000,890
GAZP,0,20130801,10:00:59,130.000000000,10
GAZP,0,20130801,10:00:59,130.000000000,50
GAZP,0,20130801,10:00:59,130.000000000,590
GAZP,0,20130801,10:00:59,130.050000000,3 000
GAZP,0,20130801,10:00:59,130.040000000,600
GAZP,0,20130801,10:00:59,130.000000000,30
GAZP,0,20130801,10:00:59,130.040000000,440
GAZP,0,20130801,10:00:59,130.000000000,10
GAZP,0,20130801,10:00:59,130.000000000,10
GAZP,0,20130801,10:00:59,130.040000000,60
GAZP,0,20130801,10:00:59,130.070000000,320
GAZP,0,20130801,10:00:59,130.010000000,10
GAZP,0,20130801,10:01:00,130.080000000,100
GAZP,0,20130801,10:01:00,130.080000000,1 000
GAZP,0,20130801,10:01:00,130.080000000,100
GAZP,0,20130801,10:01:00,130.080000000,200
GAZP,0,20130801,10:01:00,130.070000000,20
GAZP,0,20130801,10:01:00,130.080000000,80
GAZP,0,20130801,10:01:00,130.080000000,140
GAZP,0,20130801,10:01:00,130.080000000,120
GAZP,0,20130801,10:01:00,130.080000000,260
GAZP,0,20130801,10:01:00,130.090000000,40
GAZP,0,20130801,10:01:00,130.090000000,10
GAZP,0,20130801,10:01:00,130.090000000,20
GAZP,0,20130801,10:01:00,130.090000000,70
GAZP,0,20130801,10:01:00,130.090000000,220
GAZP,0,20130801,10:01:00,130.050000000,500
GAZP,0,20130801,10:01:00,130.030000000,320
GAZP,0,20130801,10:01:00,130.020000000,580
GAZP,0,20130801,10:01:00,130.090000000,710
GAZP,0,20130801,10:01:00,130.100000000,200
GAZP,0,20130801,10:01:00,130.100000000,20
GAZP,0,20130801,10:01:00,130.120000000,10
GAZP,0,20130801,10:01:00,130.120000000,570
GAZP,0,20130801,10:01:00,130.120000000,70
GAZP,0,20130801,10:01:00,130.120000000,140
GAZP,0,20130801,10:01:00,130.140000000,1 200
GAZP,0,20130801,10:01:00,130.190000000,50
GAZP,0,20130801,10:01:00,130.190000000,20
GAZP,0,20130801,10:01:00,130.190000000,1 000
GAZP,0,20130801,10:01:00,130.200000000,190
GAZP,0,20130801,10:01:00,130.200000000,10
GAZP,0,20130801,10:01:00,130.200000000,20
GAZP,0,20130801,10:01:00,130.200000000,220
GAZP,0,20130801,10:01:00,130.080000000,10
GAZP,0,20130801,10:01:00,130.090000000,30
GAZP,0,20130801,10:01:00,130.090000000,10
GAZP,0,20130801,10:01:00,130.070000000,20
GAZP,0,20130801,10:01:00,130.140000000,20
GAZP,0,20130801,10:01:00,130.140000000,20
GAZP,0,20130801,10:01:00,130.140000000,20
GAZP,0,20130801,10:01:00,130.140000000,20
GAZP,0,20130801,10:01:00,130.140000000,20
GAZP,0,20130801,10:01:00,130.140000000,10
GAZP,0,20130801,10:01:00,130.140000000,10
GAZP,0,20130801,10:01:00,130.120000000,10
GAZP,0,20130801,10:01:00,130.120000000,4 520
GAZP,0,20130801,10:01:00,130.100000000,840
GAZP,0,20130801,10:01:00,130.100000000,500
GAZP,0,20130801,10:01:00,130.100000000,500
GAZP,0,20130801,10:01:00,130.100000000,2 900
GAZP,0,20130801,10:01:00,130.090000000,730
GAZP,0,20130801,10:01:01,130.130000000,420
GAZP,0,20130801,10:01:01,130.110000000,580
GAZP,0,20130801,10:01:01,130.180000000,400
GAZP,0,20130801,10:01:01,130.180000000,370
GAZP,0,20130801,10:01:01,130.230000000,1 000
GAZP,0,20130801,10:01:01,130.230000000,130
GAZP,0,20130801,10:01:01,130.250000000,10
GAZP,0,20130801,10:01:01,130.270000000,20
GAZP,0,20130801,10:01:01,130.290000000,50
GAZP,0,20130801,10:01:01,130.290000000,30
GAZP,0,20130801,10:01:01,130.290000000,100
GAZP,0,20130801,10:01:01,130.290000000,1 250
GAZP,0,20130801,10:01:01,130.290000000,180
GAZP,0,20130801,10:01:01,130.300000000,10
GAZP,0,20130801,10:01:01,130.300000000,600
GAZP,0,20130801,10:01:01,130.300000000,200
GAZP,0,20130801,10:01:01,130.300000000,30
GAZP,0,20130801,10:01:01,130.300000000,1 000
GAZP,0,20130801,10:01:01,130.300000000,780
GAZP,0,20130801,10:01:01,130.310000000,100
GAZP,0,20130801,10:01:01,130.310000000,10
GAZP,0,20130801,10:01:01,130.310000000,110
GAZP,0,20130801,10:01:01,130.330000000,550
GAZP,0,20130801,10:01:01,130.170000000,20
GAZP,0,20130801,10:01:01,130.180000000,20
GAZP,0,20130801,10:01:01,130.180000000,20
GAZP,0,20130801,10:01:01,130.240000000,20
GAZP,0,20130801,10:01:01,130.260000000,480
GAZP,0,20130801,10:01:01,130.170000000,10
GAZP,0,20130801,10:01:01,130.170000000,10
GAZP,0,20130801,10:01:02,130.180000000,40
GAZP,0,20130801,10:01:02,130.230000000,10
GAZP,0,20130801,10:01:02,130.180000000,10
GAZP,0,20130801,10:01:02,130.230000000,10
GAZP,0,20130801,10:01:02,130.230000000,20
GAZP,0,20130801,10:01:02,130.230000000,20
GAZP,0,20130801,10:01:02,130.190000000,40
GAZP,0,20130801,10:01:02,130.190000000,300
GAZP,0,20130801,10:01:02,130.190000000,60
GAZP,0,20130801,10:01:02,130.190000000,140
GAZP,0,20130801,10:01:02,130.190000000,130
GAZP,0,20130801,10:01:02,130.190000000,230
GAZP,0,20130801,10:01:03,130.290000000,10
GAZP,0,20130801,10:01:03,130.300000000,270
GAZP,0,20130801,10:01:03,130.300000000,380
GAZP,0,20130801,10:01:03,130.190000000,10
GAZP,0,20130801,10:01:03,130.190000000,480
GAZP,0,20130801,10:01:03,130.190000000,20
GAZP,0,20130801,10:01:03,130.190000000,230
GAZP,0,20130801,10:01:03,130.190000000,180
GAZP,0,20130801,10:01:03,130.180000000,250
GAZP,0,20130801,10:01:03,130.180000000,400
GAZP,0,20130801,10:01:03,130.180000000,500
GAZP,0,20130801,10:01:03,130.180000000,930
GAZP,0,20130801,10:01:04,130.210000000,20
GAZP,0,20130801,10:01:04,130.210000000,20
GAZP,0,20130801,10:01:04,130.270000000,10
GAZP,0,20130801,10:01:04,130.290000000,20
GAZP,0,20130801,10:01:04,130.300000000,120
GAZP,0,20130801,10:01:04,130.300000000,230
GAZP,0,20130801,10:01:04,130.310000000,530
GAZP,0,20130801,10:01:04,130.320000000,800
GAZP,0,20130801,10:01:04,130.320000000,20
GAZP,0,20130801,10:01:04,130.330000000,270
GAZP,0,20130801,10:01:05,130.220000000,20
GAZP,0,20130801,10:01:05,130.210000000,220
GAZP,0,20130801,10:01:05,130.180000000,50
GAZP,0,20130801,10:01:05,130.170000000,300
GAZP,0,20130801,10:01:05,130.170000000,500
GAZP,0,20130801,10:01:05,130.170000000,770
GAZP,0,20130801,10:01:05,130.170000000,140
GAZP,0,20130801,10:01:05,130.150000000,30
GAZP,0,20130801,10:01:05,130.250000000,500
GAZP,0,20130801,10:01:05,130.250000000,500
GAZP,0,20130801,10:01:05,130.250000000,1 000
GAZP,0,20130801,10:01:05,130.250000000,300
GAZP,0,20130801,10:01:07,130.190000000,10
GAZP,0,20130801,10:01:09,130.120000000,30
GAZP,0,20130801,10:01:09,130.110000000,70
GAZP,0,20130801,10:01:09,130.110000000,10
GAZP,0,20130801,10:01:09,130.110000000,10
GAZP,0,20130801,10:01:09,130.110000000,450
GAZP,0,20130801,10:01:09,130.110000000,430
GAZP,0,20130801,10:01:09,130.110000000,30
GAZP,0,20130801,10:01:09,130.100000000,750
GAZP,0,20130801,10:01:09,130.100000000,410
GAZP,0,20130801,10:01:09,130.070000000,10
GAZP,0,20130801,10:01:09,130.090000000,10
GAZP,0,20130801,10:01:09,130.070000000,20
GAZP,0,20130801,10:01:10,130.090000000,180
GAZP,0,20130801,10:01:10,130.090000000,1 000
GAZP,0,20130801,10:01:10,130.090000000,2 600
GAZP,0,20130801,10:01:10,130.080000000,200
GAZP,0,20130801,10:01:10,130.050000000,2 000
GAZP,0,20130801,10:01:10,130.040000000,700
GAZP,0,20130801,10:01:10,130.040000000,770
GAZP,0,20130801,10:01:10,130.010000000,380
GAZP,0,20130801,10:01:10,130.010000000,20
GAZP,0,20130801,10:01:10,130.010000000,140
GAZP,0,20130801,10:01:10,130.010000000,790
GAZP,0,20130801,10:01:11,130.010000000,30
GAZP,0,20130801,10:01:11,130.070000000,20
GAZP,0,20130801,10:01:11,130.080000000,10
GAZP,0,20130801,10:01:11,130.090000000,970
GAZP,0,20130801,10:01:11,130.090000000,300
GAZP,0,20130801,10:01:11,130.090000000,1 000
GAZP,0,20130801,10:01:12,130.090000000,180
GAZP,0,20130801,10:01:13,130.010000000,60
GAZP,0,20130801,10:01:13,130.090000000,100
GAZP,0,20130801,10:01:13,130.090000000,2 290
GAZP,0,20130801,10:01:13,130.110000000,100
GAZP,0,20130801,10:01:13,130.120000000,30
GAZP,0,20130801,10:01:13,130.130000000,1 000
GAZP,0,20130801,10:01:13,130.180000000,10
GAZP,0,20130801,10:01:13,130.250000000,70
GAZP,0,20130801,10:01:13,130.160000000,40
GAZP,0,20130801,10:01:13,130.180000000,300
GAZP,0,20130801,10:01:13,130.160000000,430
GAZP,0,20130801,10:01:13,130.190000000,70
GAZP,0,20130801,10:01:14,130.180000000,200
GAZP,0,20130801,10:01:14,130.110000000,120
GAZP,0,20130801,10:01:14,130.120000000,20
GAZP,0,20130801,10:01:14,130.180000000,300
GAZP,0,20130801,10:01:16,130.110000000,380
GAZP,0,20130801,10:01:16,130.110000000,220
GAZP,0,20130801,10:01:16,130.110000000,10
GAZP,0,20130801,10:01:16,130.050000000,30
GAZP,0,20130801,10:01:16,130.120000000,20
GAZP,0,20130801,10:01:16,130.170000000,580
GAZP,0,20130801,10:01:19,130.160000000,30
GAZP,0,20130801,10:01:19,130.190000000,220
GAZP,0,20130801,10:01:20,130.070000000,30
GAZP,0,20130801,10:01:20,130.050000000,50
GAZP,0,20130801,10:01:20,130.030000000,90
GAZP,0,20130801,10:01:20,130.030000000,310
GAZP,0,20130801,10:01:20,130.010000000,40
GAZP,0,20130801,10:01:20,130.010000000,1 000
GAZP,0,20130801,10:01:20,130.000000000,230
GAZP,0,20130801,10:01:20,130.000000000,10
GAZP,0,20130801,10:01:20,130.000000000,800
GAZP,0,20130801,10:01:20,130.000000000,2 440
GAZP,0,20130801,10:01:21,130.110000000,500
GAZP,0,20130801,10:01:21,130.120000000,1 500
GAZP,0,20130801,10:01:21,130.040000000,30
GAZP,0,20130801,10:01:22,130.040000000,250
GAZP,0,20130801,10:01:24,130.040000000,200
GAZP,0,20130801,10:01:24,130.010000000,500
GAZP,0,20130801,10:01:24,130.010000000,700
GAZP,0,20130801,10:01:25,130.010000000,100
GAZP,0,20130801,10:01:26,130.070000000,30
GAZP,0,20130801,10:01:27,130.080000000,100
GAZP,0,20130801,10:01:27,130.090000000,930
GAZP,0,20130801,10:01:27,130.100000000,30
GAZP,0,20130801,10:01:27,130.110000000,50
GAZP,0,20130801,10:01:27,130.160000000,30
GAZP,0,20130801,10:01:28,130.070000000,970
GAZP,0,20130801,10:01:31,130.080000000,190
GAZP,0,20130801,10:01:31,130.000000000,560
GAZP,0,20130801,10:01:31,130.000000000,100
GAZP,0,20130801,10:01:31,130.000000000,140
GAZP,0,20130801,10:01:31,130.000000000,560
GAZP,0,20130801,10:01:32,129.960000000,30
GAZP,0,20130801,10:01:32,130.000000000,660
GAZP,0,20130801,10:01:32,130.000000000,7 100
GAZP,0,20130801,10:01:32,130.000000000,1 000
GAZP,0,20130801,10:01:32,129.960000000,300
GAZP,0,20130801,10:01:32,130.000000000,500
GAZP,0,20130801,10:01:32,130.000000000,300
GAZP,0,20130801,10:01:32,130.000000000,500
GAZP,0,20130801,10:01:33,130.000000000,140
GAZP,0,20130801,10:01:34,130.000000000,1 740
GAZP,0,20130801,10:01:34,130.000000000,1 000
GAZP,0,20130801,10:01:34,130.000000000,2 000
GAZP,0,20130801,10:01:34,130.000000000,700
GAZP,0,20130801,10:01:35,130.000000000,300
GAZP,0,20130801,10:01:35,130.000000000,500
GAZP,0,20130801,10:01:35,130.000000000,500
GAZP,0,20130801,10:01:35,130.000000000,300
GAZP,0,20130801,10:01:35,130.000000000,1 000
GAZP,0,20130801,10:01:35,130.000000000,300
GAZP,0,20130801,10:01:35,130.000000000,100
GAZP,0,20130801,10:01:36,129.990000000,10
GAZP,0,20130801,10:01:36,130.000000000,500
GAZP,0,20130801,10:01:36,130.000000000,30
GAZP,0,20130801,10:01:36,130.000000000,200
GAZP,0,20130801,10:01:36,130.000000000,70
GAZP,0,20130801,10:01:36,130.000000000,30
GAZP,0,20130801,10:01:36,130.000000000,20
GAZP,0,20130801,10:01:36,130.000000000,80
GAZP,0,20130801,10:01:37,129.990000000,30
GAZP,0,20130801,10:01:37,130.000000000,300
GAZP,0,20130801,10:01:37,130.000000000,300
GAZP,0,20130801,10:01:37,130.000000000,1 000
GAZP,0,20130801,10:01:38,130.000000000,800
GAZP,0,20130801,10:01:38,130.000000000,20
GAZP,0,20130801,10:01:39,130.000000000,100
GAZP,0,20130801,10:01:40,130.000000000,40
GAZP,0,20130801,10:01:41,129.990000000,10
GAZP,0,20130801,10:01:41,130.000000000,180
GAZP,0,20130801,10:01:42,130.000000000,800
GAZP,0,20130801,10:01:42,129.990000000,30
GAZP,0,20130801,10:01:42,130.000000000,900
GAZP,0,20130801,10:01:42,130.000000000,19 000
GAZP,0,20130801,10:01:43,129.990000000,300
GAZP,0,20130801,10:01:43,130.000000000,200
GAZP,0,20130801,10:01:44,130.000000000,190
GAZP,0,20130801,10:01:44,130.000000000,450
GAZP,0,20130801,10:01:44,130.000000000,660
GAZP,0,20130801,10:01:44,130.000000000,330
GAZP,0,20130801,10:01:44,130.000000000,1 500
GAZP,0,20130801,10:01:44,130.000000000,700
GAZP,0,20130801,10:01:44,130.000000000,300
GAZP,0,20130801,10:01:44,130.000000000,500
GAZP,0,20130801,10:01:45,130.000000000,500
GAZP,0,20130801,10:01:45,130.000000000,200
GAZP,0,20130801,10:01:45,130.000000000,1 600
GAZP,0,20130801,10:01:45,130.000000000,100
GAZP,0,20130801,10:01:45,130.000000000,810
GAZP,0,20130801,10:01:45,130.000000000,680
GAZP,0,20130801,10:01:45,130.000000000,260
GAZP,0,20130801,10:01:45,130.000000000,800
GAZP,0,20130801,10:01:45,130.000000000,530
GAZP,0,20130801,10:01:45,130.000000000,500
GAZP,0,20130801,10:01:45,130.000000000,300
GAZP,0,20130801,10:01:45,130.000000000,300
GAZP,0,20130801,10:01:45,130.000000000,70
GAZP,0,20130801,10:01:45,130.000000000,300
GAZP,0,20130801,10:01:45,130.000000000,500
GAZP,0,20130801,10:01:45,130.000000000,300
GAZP,0,20130801,10:01:45,130.000000000,360
GAZP,0,20130801,10:01:45,130.000000000,250
GAZP,0,20130801,10:01:45,130.000000000,170
GAZP,0,20130801,10:01:45,130.000000000,150
GAZP,0,20130801,10:01:46,130.000000000,30
GAZP,0,20130801,10:01:46,130.000000000,500
GAZP,0,20130801,10:01:46,130.000000000,300
GAZP,0,20130801,10:01:47,130.000000000,500
GAZP,0,20130801,10:01:47,130.000000000,300
GAZP,0,20130801,10:01:47,130.000000000,600
GAZP,0,20130801,10:01:47,130.000000000,1 000
GAZP,0,20130801,10:01:47,130.000000000,1 000
GAZP,0,20130801,10:01:47,129.990000000,30
GAZP,0,20130801,10:01:47,130.000000000,900
GAZP,0,20130801,10:01:47,130.000000000,600
GAZP,0,20130801,10:01:47,130.000000000,600
GAZP,0,20130801,10:01:47,130.000000000,500
GAZP,0,20130801,10:01:47,130.000000000,500
GAZP,0,20130801,10:01:47,130.000000000,10
GAZP,0,20130801,10:01:48,129.990000000,590
GAZP,0,20130801,10:01:48,129.990000000,6 040
GAZP,0,20130801,10:01:48,129.990000000,1 000
GAZP,0,20130801,10:01:48,129.990000000,3 000
GAZP,0,20130801,10:01:48,129.990000000,460
GAZP,0,20130801,10:01:48,129.990000000,160
GAZP,0,20130801,10:01:48,129.960000000,1 000
GAZP,0,20130801,10:01:48,129.930000000,980
GAZP,0,20130801,10:01:48,129.930000000,20
GAZP,0,20130801,10:01:48,129.900000000,1 000
GAZP,0,20130801,10:01:48,129.900000000,310
GAZP,0,20130801,10:01:48,129.840000000,250
GAZP,0,20130801,10:01:48,129.840000000,400
GAZP,0,20130801,10:01:48,129.830000000,20
GAZP,0,20130801,10:01:50,129.990000000,20
GAZP,0,20130801,10:01:50,130.000000000,480
GAZP,0,20130801,10:01:50,130.000000000,200
GAZP,0,20130801,10:01:50,130.000000000,190
GAZP,0,20130801,10:01:50,130.000000000,200
GAZP,0,20130801,10:01:51,130.000000000,1 300
GAZP,0,20130801,10:01:52,130.000000000,500
GAZP,0,20130801,10:01:52,130.000000000,590
GAZP,0,20130801,10:01:52,130.000000000,10
GAZP,0,20130801,10:01:52,129.940000000,30
GAZP,0,20130801,10:01:52,129.940000000,540
GAZP,0,20130801,10:01:52,129.910000000,600
GAZP,0,20130801,10:01:52,129.890000000,350
GAZP,0,20130801,10:01:52,129.850000000,400
GAZP,0,20130801,10:01:52,129.830000000,80
GAZP,0,20130801,10:01:52,129.830000000,30
GAZP,0,20130801,10:01:53,129.890000000,10
GAZP,0,20130801,10:01:54,129.960000000,1 000
GAZP,0,20130801,10:01:54,129.990000000,10
GAZP,0,20130801,10:01:55,129.920000000,170
GAZP,0,20130801,10:01:55,129.910000000,20
GAZP,0,20130801,10:01:55,129.910000000,180
GAZP,0,20130801,10:01:55,129.950000000,200
GAZP,0,20130801,10:01:56,129.950000000,200
GAZP,0,20130801,10:01:56,129.980000000,100
GAZP,0,20130801,10:01:56,129.980000000,200
GAZP,0,20130801,10:01:56,129.980000000,210
GAZP,0,20130801,10:01:56,129.990000000,90
GAZP,0,20130801,10:01:56,129.980000000,20
GAZP,0,20130801,10:01:56,129.990000000,610
GAZP,0,20130801,10:01:56,129.990000000,470
GAZP,0,20130801,10:01:56,129.990000000,100
GAZP,0,20130801,10:01:58,129.920000000,30
GAZP,0,20130801,10:02:01,129.980000000,20
GAZP,0,20130801,10:02:01,129.980000000,20
GAZP,0,20130801,10:02:04,129.920000000,90
GAZP,0,20130801,10:02:04,129.920000000,1 500
GAZP,0,20130801,10:02:05,129.920000000,360
GAZP,0,20130801,10:02:05,129.940000000,30
GAZP,0,20130801,10:02:05,129.920000000,50
GAZP,0,20130801,10:02:05,129.920000000,600
GAZP,0,20130801,10:02:05,129.920000000,350
GAZP,0,20130801,10:02:06,129.980000000,80
GAZP,0,20130801,10:02:06,129.990000000,10
GAZP,0,20130801,10:02:06,129.990000000,50
GAZP,0,20130801,10:02:06,129.990000000,790
GAZP,0,20130801,10:02:06,130.000000000,2 070
GAZP,0,20130801,10:02:06,130.000000000,100
GAZP,0,20130801,10:02:06,130.000000000,800
GAZP,0,20130801,10:02:06,130.000000000,500
GAZP,0,20130801,10:02:06,130.000000000,800
GAZP,0,20130801,10:02:06,130.000000000,200
GAZP,0,20130801,10:02:06,130.000000000,400
GAZP,0,20130801,10:02:06,130.000000000,300
GAZP,0,20130801,10:02:06,130.000000000,1 000
GAZP,0,20130801,10:02:06,130.000000000,1 000
GAZP,0,20130801,10:02:06,130.000000000,1 300
GAZP,0,20130801,10:02:06,130.000000000,100
GAZP,0,20130801,10:02:06,130.000000000,200
GAZP,0,20130801,10:02:06,130.000000000,10
GAZP,0,20130801,10:02:06,130.000000000,2 500
GAZP,0,20130801,10:02:06,130.000000000,2 500
GAZP,0,20130801,10:02:06,130.000000000,1 800
GAZP,0,20130801,10:02:06,129.990000000,1 060
GAZP,0,20130801,10:02:06,129.990000000,100
GAZP,0,20130801,10:02:06,129.990000000,840
GAZP,0,20130801,10:02:06,130.000000000,60
GAZP,0,20130801,10:02:06,130.000000000,500
GAZP,0,20130801,10:02:06,129.980000000,100
GAZP,0,20130801,10:02:06,129.980000000,10
GAZP,0,20130801,10:02:06,130.000000000,200
GAZP,0,20130801,10:02:06,130.000000000,100
GAZP,0,20130801,10:02:06,130.000000000,200
GAZP,0,20130801,10:02:06,130.000000000,370
GAZP,0,20130801,10:02:06,130.000000000,380
GAZP,0,20130801,10:02:06,130.000000000,300
GAZP,0,20130801,10:02:06,130.000000000,400
GAZP,0,20130801,10:02:06,130.000000000,300
GAZP,0,20130801,10:02:06,130.000000000,300
GAZP,0,20130801,10:02:06,130.000000000,300
GAZP,0,20130801,10:02:08,130.000000000,190
GAZP,0,20130801,10:02:08,129.990000000,10
GAZP,0,20130801,10:02:08,130.000000000,2 710
GAZP,0,20130801,10:02:08,130.000000000,300
GAZP,0,20130801,10:02:09,130.000000000,700
GAZP,0,20130801,10:02:09,130.000000000,300
GAZP,0,20130801,10:02:09,129.990000000,30
GAZP,0,20130801,10:02:09,130.000000000,500
GAZP,0,20130801,10:02:09,130.000000000,490
GAZP,0,20130801,10:02:09,130.000000000,10
GAZP,0,20130801,10:02:09,130.000000000,600
GAZP,0,20130801,10:02:09,130.000000000,10
GAZP,0,20130801,10:02:09,130.000000000,930
GAZP,0,20130801,10:02:09,130.000000000,7 480
GAZP,0,20130801,10:02:09,130.000000000,20
GAZP,0,20130801,10:02:09,129.990000000,870
GAZP,0,20130801,10:02:09,129.990000000,440
GAZP,0,20130801,10:02:09,130.000000000,580
GAZP,0,20130801,10:02:09,130.000000000,20
GAZP,0,20130801,10:02:10,130.000000000,110
GAZP,0,20130801,10:02:10,130.000000000,90
GAZP,0,20130801,10:02:10,129.970000000,20
GAZP,0,20130801,10:02:11,129.970000000,50
GAZP,0,20130801,10:02:11,129.980000000,30
GAZP,0,20130801,10:02:11,129.990000000,50
GAZP,0,20130801,10:02:11,129.920000000,20
GAZP,0,20130801,10:02:12,129.930000000,50
GAZP,0,20130801,10:02:12,129.970000000,50
GAZP,0,20130801,10:02:13,130.000000000,1 500
GAZP,0,20130801,10:02:14,130.000000000,500
GAZP,0,20130801,10:02:14,130.000000000,400
GAZP,0,20130801,10:02:15,130.000000000,30
GAZP,0,20130801,10:02:15,130.000000000,50
GAZP,0,20130801,10:02:15,130.000000000,10
GAZP,0,20130801,10:02:15,130.000000000,10
GAZP,0,20130801,10:02:15,129.980000000,20
GAZP,0,20130801,10:02:16,129.980000000,270
GAZP,0,20130801,10:02:16,129.970000000,30
GAZP,0,20130801,10:02:17,129.970000000,20
GAZP,0,20130801,10:02:18,129.980000000,50
GAZP,0,20130801,10:02:18,129.980000000,200
GAZP,0,20130801,10:02:19,129.980000000,250
GAZP,0,20130801,10:02:20,129.980000000,50
GAZP,0,20130801,10:02:20,129.980000000,150
GAZP,0,20130801,10:02:20,129.980000000,300
GAZP,0,20130801,10:02:21,129.980000000,50
GAZP,0,20130801,10:02:21,129.980000000,450
GAZP,0,20130801,10:02:21,129.980000000,300
GAZP,0,20130801,10:02:21,129.980000000,1 000
GAZP,0,20130801,10:02:21,129.980000000,250
GAZP,0,20130801,10:02:21,129.990000000,2 550
GAZP,0,20130801,10:02:21,129.990000000,100
GAZP,0,20130801,10:02:21,129.990000000,500
GAZP,0,20130801,10:02:21,129.990000000,900
GAZP,0,20130801,10:02:21,129.990000000,300
GAZP,0,20130801,10:02:21,129.990000000,150
GAZP,0,20130801,10:02:21,130.000000000,150
GAZP,0,20130801,10:02:21,130.000000000,740
GAZP,0,20130801,10:02:21,130.000000000,300
GAZP,0,20130801,10:02:21,130.000000000,200
GAZP,0,20130801,10:02:21,129.990000000,10
GAZP,0,20130801,10:02:21,129.990000000,190
GAZP,0,20130801,10:02:21,129.970000000,20
GAZP,0,20130801,10:02:21,129.970000000,500
GAZP,0,20130801,10:02:21,129.960000000,600
GAZP,0,20130801,10:02:21,129.950000000,600
GAZP,0,20130801,10:02:21,129.940000000,20
GAZP,0,20130801,10:02:21,129.940000000,70
GAZP,0,20130801,10:02:21,130.000000000,200
GAZP,0,20130801,10:02:24,129.950000000,100
GAZP,0,20130801,10:02:24,129.950000000,100
GAZP,0,20130801,10:02:24,129.950000000,30
GAZP,0,20130801,10:02:24,129.950000000,200
GAZP,0,20130801,10:02:24,129.950000000,10
GAZP,0,20130801,10:02:24,129.940000000,3 930
GAZP,0,20130801,10:02:24,129.930000000,50
GAZP,0,20130801,10:02:24,129.930000000,1 700
GAZP,0,20130801,10:02:24,129.910000000,250
GAZP,0,20130801,10:02:24,129.910000000,490
GAZP,0,20130801,10:02:24,129.890000000,1 000
GAZP,0,20130801,10:02:24,129.870000000,100
GAZP,0,20130801,10:02:24,129.840000000,700
GAZP,0,20130801,10:02:24,129.830000000,1 340
GAZP,0,20130801,10:02:24,129.940000000,300
GAZP,0,20130801,10:02:24,129.940000000,500
GAZP,0,20130801,10:02:24,129.960000000,190
GAZP,0,20130801,10:02:24,129.980000000,400
GAZP,0,20130801,10:02:25,129.910000000,190
GAZP,0,20130801,10:02:25,129.910000000,190
GAZP,0,20130801,10:02:28,129.950000000,10
GAZP,0,20130801,10:02:28,129.980000000,10
GAZP,0,20130801,10:02:28,129.980000000,190
GAZP,0,20130801,10:02:28,129.980000000,500
GAZP,0,20130801,10:02:28,129.980000000,250
GAZP,0,20130801,10:02:28,129.980000000,170
GAZP,0,20130801,10:02:28,129.980000000,80
GAZP,0,20130801,10:02:28,129.980000000,60
GAZP,0,20130801,10:02:28,129.990000000,700
GAZP,0,20130801,10:02:28,130.000000000,670
GAZP,0,20130801,10:02:28,129.990000000,200
GAZP,0,20130801,10:02:28,129.980000000,180
GAZP,0,20130801,10:02:28,130.000000000,220
GAZP,0,20130801,10:02:28,130.000000000,10
GAZP,0,20130801,10:02:28,130.000000000,10
GAZP,0,20130801,10:02:28,130.000000000,10
GAZP,0,20130801,10:02:28,130.000000000,10
GAZP,0,20130801,10:02:28,130.000000000,10
GAZP,0,20130801,10:02:28,130.000000000,50
GAZP,0,20130801,10:02:28,130.000000000,170
GAZP,0,20130801,10:02:28,130.000000000,1 000
GAZP,0,20130801,10:02:28,130.000000000,330
GAZP,0,20130801,10:02:28,130.000000000,10
GAZP,0,20130801,10:02:28,130.000000000,10
GAZP,0,20130801,10:02:28,130.000000000,10
GAZP,0,20130801,10:02:28,130.000000000,10
GAZP,0,20130801,10:02:28,130.000000000,330
GAZP,0,20130801,10:02:28,130.000000000,600
GAZP,0,20130801,10:02:28,130.000000000,200
GAZP,0,20130801,10:02:28,130.000000000,500
GAZP,0,20130801,10:02:28,130.000000000,370
GAZP,0,20130801,10:02:28,130.000000000,1 000
GAZP,0,20130801,10:02:28,130.000000000,130
GAZP,0,20130801,10:02:28,130.000000000,700
GAZP,0,20130801,10:02:28,130.000000000,170
GAZP,0,20130801,10:02:28,130.000000000,830
GAZP,0,20130801,10:02:28,130.000000000,190
GAZP,0,20130801,10:02:28,130.000000000,300
GAZP,0,20130801,10:02:28,130.000000000,300
GAZP,0,20130801,10:02:28,130.000000000,500
GAZP,0,20130801,10:02:28,130.000000000,500
GAZP,0,20130801,10:02:28,130.000000000,900
GAZP,0,20130801,10:02:28,130.000000000,500
GAZP,0,20130801,10:02:28,130.000000000,300
GAZP,0,20130801,10:02:28,130.000000000,220
GAZP,0,20130801,10:02:28,130.000000000,50
GAZP,0,20130801,10:02:28,130.010000000,300
GAZP,0,20130801,10:02:29,130.000000000,190
GAZP,0,20130801,10:02:29,130.020000000,30
GAZP,0,20130801,10:02:29,130.020000000,400
GAZP,0,20130801,10:02:29,130.030000000,70
GAZP,0,20130801,10:02:29,130.000000000,190
GAZP,0,20130801,10:02:29,130.000000000,50
GAZP,0,20130801,10:02:29,130.030000000,1 080
GAZP,0,20130801,10:02:29,130.040000000,1 020
GAZP,0,20130801,10:02:29,130.000000000,20
GAZP,0,20130801,10:02:29,130.040000000,500
GAZP,0,20130801,10:02:29,130.040000000,100
GAZP,0,20130801,10:02:29,130.040000000,300
GAZP,0,20130801,10:02:29,130.010000000,190
GAZP,0,20130801,10:02:29,130.040000000,200
GAZP,0,20130801,10:02:29,130.010000000,810
GAZP,0,20130801,10:02:29,130.000000000,190
GAZP,0,20130801,10:02:29,130.010000000,70
GAZP,0,20130801,10:02:29,130.040000000,330
GAZP,0,20130801,10:02:29,130.040000000,500
GAZP,0,20130801,10:02:29,130.040000000,380
GAZP,0,20130801,10:02:29,130.050000000,320
GAZP,0,20130801,10:02:29,130.050000000,500
GAZP,0,20130801,10:02:29,130.050000000,500
GAZP,0,20130801,10:02:29,130.000000000,810
GAZP,0,20130801,10:02:29,130.000000000,300
GAZP,0,20130801,10:02:29,130.000000000,600
GAZP,0,20130801,10:02:29,130.000000000,290
GAZP,0,20130801,10:02:30,130.050000000,500
GAZP,0,20130801,10:02:30,130.050000000,200
GAZP,0,20130801,10:02:30,130.050000000,300
GAZP,0,20130801,10:02:30,130.050000000,200
GAZP,0,20130801,10:02:30,130.050000000,300
GAZP,0,20130801,10:02:30,130.050000000,30
GAZP,0,20130801,10:02:30,130.050000000,10
GAZP,0,20130801,10:02:30,130.050000000,10
GAZP,0,20130801,10:02:30,130.050000000,1 070
GAZP,0,20130801,10:02:30,130.000000000,10
GAZP,0,20130801,10:02:30,130.050000000,290
GAZP,0,20130801,10:02:30,130.050000000,330
GAZP,0,20130801,10:02:31,130.010000000,380
GAZP,0,20130801,10:02:31,130.000000000,10
GAZP,0,20130801,10:02:31,130.040000000,160
GAZP,0,20130801,10:02:31,130.050000000,220
GAZP,0,20130801,10:02:31,130.040000000,40
GAZP,0,20130801,10:02:31,130.050000000,370
GAZP,0,20130801,10:02:31,130.010000000,10
GAZP,0,20130801,10:02:31,130.010000000,10
GAZP,0,20130801,10:02:32,130.010000000,10
GAZP,0,20130801,10:02:32,130.050000000,130
GAZP,0,20130801,10:02:33,130.010000000,10
GAZP,0,20130801,10:02:33,130.010000000,10
GAZP,0,20130801,10:02:33,130.050000000,150
GAZP,0,20130801,10:02:34,130.010000000,50
GAZP,0,20130801,10:02:35,130.000000000,100
GAZP,0,20130801,10:02:38,130.000000000,380
GAZP,0,20130801,10:02:38,130.010000000,10
GAZP,0,20130801,10:02:38,130.050000000,500
GAZP,0,20130801,10:02:38,130.050000000,1 500
GAZP,0,20130801,10:02:38,130.010000000,190
GAZP,0,20130801,10:02:38,130.010000000,420
GAZP,0,20130801,10:02:38,130.000000000,390
GAZP,0,20130801,10:02:38,130.050000000,1 000
GAZP,0,20130801,10:02:38,130.020000000,190
GAZP,0,20130801,10:02:38,130.020000000,190
GAZP,0,20130801,10:02:39,130.050000000,1 100
GAZP,0,20130801,10:02:39,130.050000000,500
GAZP,0,20130801,10:02:39,130.050000000,100
GAZP,0,20130801,10:02:40,130.010000000,200
GAZP,0,20130801,10:02:40,130.000000000,180
GAZP,0,20130801,10:02:40,130.050000000,2 900
GAZP,0,20130801,10:02:40,130.050000000,330
GAZP,0,20130801,10:02:40,130.050000000,220
GAZP,0,20130801,10:02:40,130.050000000,200
GAZP,0,20130801,10:02:40,130.050000000,200
GAZP,0,20130801,10:02:40,130.040000000,150
GAZP,0,20130801,10:02:41,130.050000000,900
GAZP,0,20130801,10:02:41,130.050000000,500
GAZP,0,20130801,10:02:41,130.040000000,190
GAZP,0,20130801,10:02:41,130.040000000,10
GAZP,0,20130801,10:02:41,130.010000000,180
GAZP,0,20130801,10:02:41,130.050000000,500
GAZP,0,20130801,10:02:41,130.050000000,300
GAZP,0,20130801,10:02:41,130.050000000,1 500
GAZP,0,20130801,10:02:41,130.050000000,400
GAZP,0,20130801,10:02:44,130.010000000,50
GAZP,0,20130801,10:02:44,130.010000000,280
GAZP,0,20130801,10:02:44,130.010000000,220
GAZP,0,20130801,10:02:44,130.010000000,150
GAZP,0,20130801,10:02:45,130.010000000,30
GAZP,0,20130801,10:02:46,130.000000000,500
GAZP,0,20130801,10:02:46,130.000000000,10
GAZP,0,20130801,10:02:46,130.040000000,470
GAZP,0,20130801,10:02:47,130.040000000,530
GAZP,0,20130801,10:02:47,130.050000000,170
GAZP,0,20130801,10:02:48,130.000000000,1 940
GAZP,0,20130801,10:02:48,130.000000000,30
GAZP,0,20130801,10:02:48,130.000000000,10
GAZP,0,20130801,10:02:48,130.000000000,990
GAZP,0,20130801,10:02:48,130.000000000,920
GAZP,0,20130801,10:02:48,130.000000000,110
GAZP,0,20130801,10:02:50,130.010000000,330
GAZP,0,20130801,10:02:50,130.010000000,170
GAZP,0,20130801,10:02:50,130.040000000,10
GAZP,0,20130801,10:02:50,130.050000000,490
GAZP,0,20130801,10:02:50,130.050000000,160
GAZP,0,20130801,10:02:51,130.050000000,1 760
GAZP,0,20130801,10:02:51,130.030000000,10
GAZP,0,20130801,10:02:51,130.030000000,10
GAZP,0,20130801,10:02:52,130.030000000,480
GAZP,0,20130801,10:02:52,130.000000000,390
GAZP,0,20130801,10:02:52,130.000000000,880
GAZP,0,20130801,10:02:53,130.010000000,450
GAZP,0,20130801,10:02:53,130.010000000,50
GAZP,0,20130801,10:02:53,130.010000000,50
GAZP,0,20130801,10:02:53,130.040000000,770
GAZP,0,20130801,10:02:57,130.040000000,100
GAZP,0,20130801,10:02:57,130.040000000,3 400
GAZP,0,20130801,10:03:00,130.000000000,200
GAZP,0,20130801,10:03:01,130.040000000,30
GAZP,0,20130801,10:03:01,130.040000000,20
GAZP,0,20130801,10:03:01,130.040000000,100
GAZP,0,20130801,10:03:02,130.040000000,80
GAZP,0,20130801,10:03:02,130.040000000,220
GAZP,0,20130801,10:03:02,130.050000000,980
GAZP,0,20130801,10:03:02,130.050000000,300
GAZP,0,20130801,10:03:02,130.050000000,100
GAZP,0,20130801,10:03:03,130.030000000,50
GAZP,0,20130801,10:03:05,130.050000000,620
GAZP,0,20130801,10:03:05,130.050000000,330
GAZP,0,20130801,10:03:08,130.010000000,50
GAZP,0,20130801,10:03:08,130.010000000,1 000
GAZP,0,20130801,10:03:08,130.000000000,1 000
GAZP,0,20130801,10:03:08,129.990000000,190
GAZP,0,20130801,10:03:08,129.980000000,260
GAZP,0,20130801,10:03:08,130.040000000,10
GAZP,0,20130801,10:03:08,130.040000000,10
GAZP,0,20130801,10:03:08,130.040000000,10
GAZP,0,20130801,10:03:08,130.040000000,10
GAZP,0,20130801,10:03:08,130.040000000,10
GAZP,0,20130801,10:03:08,130.040000000,280
GAZP,0,20130801,10:03:08,130.040000000,330
GAZP,0,20130801,10:03:10,130.040000000,10
GAZP,0,20130801,10:03:10,130.040000000,50
GAZP,0,20130801,10:03:10,130.040000000,10
GAZP,0,20130801,10:03:10,130.040000000,10
GAZP,0,20130801,10:03:10,130.040000000,10
GAZP,0,20130801,10:03:10,130.040000000,10
GAZP,0,20130801,10:03:10,130.050000000,120
GAZP,0,20130801,10:03:11,130.010000000,50
GAZP,0,20130801,10:03:11,130.000000000,1 400
GAZP,0,20130801,10:03:11,130.000000000,550
GAZP,0,20130801,10:03:13,130.020000000,210
GAZP,0,20130801,10:03:13,130.020000000,20
GAZP,0,20130801,10:03:15,130.020000000,110
GAZP,0,20130801,10:03:15,130.000000000,390
GAZP,0,20130801,10:03:18,130.040000000,10
GAZP,0,20130801,10:03:18,130.040000000,10
GAZP,0,20130801,10:03:18,130.040000000,10
GAZP,0,20130801,10:03:18,130.040000000,1 260
GAZP,0,20130801,10:03:18,130.040000000,10
GAZP,0,20130801,10:03:18,130.040000000,10
GAZP,0,20130801,10:03:18,130.040000000,50
GAZP,0,20130801,10:03:18,130.040000000,10
GAZP,0,20130801,10:03:18,130.040000000,10
GAZP,0,20130801,10:03:18,130.040000000,550
GAZP,0,20130801,10:03:18,130.040000000,10
GAZP,0,20130801,10:03:18,130.050000000,560
GAZP,0,20130801,10:03:19,130.040000000,10
GAZP,0,20130801,10:03:20,130.050000000,1 810
GAZP,0,20130801,10:03:21,130.050000000,2 000
GAZP,0,20130801,10:03:22,130.030000000,300
GAZP,0,20130801,10:03:22,130.040000000,10
GAZP,0,20130801,10:03:22,130.040000000,10
GAZP,0,20130801,10:03:22,130.050000000,9 680
GAZP,0,20130801,10:03:24,130.010000000,50
GAZP,0,20130801,10:03:24,130.050000000,20
GAZP,0,20130801,10:03:26,130.030000000,10
GAZP,0,20130801,10:03:28,130.020000000,10
GAZP,0,20130801,10:03:28,130.020000000,10
GAZP,0,20130801,10:03:29,130.020000000,10
GAZP,0,20130801,10:03:31,130.010000000,10
GAZP,0,20130801,10:03:32,130.010000000,50
GAZP,0,20130801,10:03:33,130.010000000,940
GAZP,0,20130801,10:03:33,130.000000000,100
GAZP,0,20130801,10:03:33,130.000000000,470
GAZP,0,20130801,10:03:37,130.030000000,10
GAZP,0,20130801,10:03:37,130.030000000,500
GAZP,0,20130801,10:03:37,130.040000000,10
GAZP,0,20130801,10:03:37,130.040000000,480
GAZP,0,20130801,10:03:38,130.000000000,10 000
GAZP,0,20130801,10:03:40,130.010000000,300
GAZP,0,20130801,10:03:42,130.000000000,7 170
GAZP,0,20130801,10:03:42,130.000000000,200
GAZP,0,20130801,10:03:42,130.000000000,2 000
GAZP,0,20130801,10:03:43,130.040000000,10
GAZP,0,20130801,10:03:43,130.000000000,160
GAZP,0,20130801,10:03:43,130.000000000,600
GAZP,0,20130801,10:03:43,130.000000000,600
GAZP,0,20130801,10:03:43,130.000000000,500
GAZP,0,20130801,10:03:43,130.000000000,140
GAZP,0,20130801,10:03:43,130.000000000,1 000
GAZP,0,20130801,10:03:46,130.000000000,10
GAZP,0,20130801,10:03:49,130.030000000,220
GAZP,0,20130801,10:03:49,130.030000000,330
GAZP,0,20130801,10:03:49,130.000000000,1 000
GAZP,0,20130801,10:03:52,130.000000000,10
GAZP,0,20130801,10:03:55,130.030000000,16 150
GAZP,0,20130801,10:03:55,130.030000000,1 000
GAZP,0,20130801,10:03:55,130.040000000,10
GAZP,0,20130801,10:03:55,130.040000000,500
GAZP,0,20130801,10:03:55,130.040000000,300
GAZP,0,20130801,10:03:55,130.050000000,15 690
GAZP,0,20130801,10:03:55,130.050000000,520
GAZP,0,20130801,10:03:55,130.050000000,10
GAZP,0,20130801,10:03:55,130.050000000,10
GAZP,0,20130801,10:03:55,130.050000000,10
GAZP,0,20130801,10:03:55,130.050000000,10
GAZP,0,20130801,10:03:55,130.050000000,10
GAZP,0,20130801,10:03:55,130.050000000,10
GAZP,0,20130801,10:03:55,130.050000000,10
GAZP,0,20130801,10:03:55,130.050000000,10
GAZP,0,20130801,10:03:55,130.050000000,10
GAZP,0,20130801,10:03:55,130.050000000,10
GAZP,0,20130801,10:03:55,130.050000000,10
GAZP,0,20130801,10:03:55,130.050000000,10
GAZP,0,20130801,10:03:55,130.050000000,10
GAZP,0,20130801,10:03:55,130.050000000,10
GAZP,0,20130801,10:03:55,130.050000000,10
GAZP,0,20130801,10:03:55,130.050000000,10
GAZP,0,20130801,10:03:55,130.050000000,10
GAZP,0,20130801,10:03:55,130.050000000,10
GAZP,0,20130801,10:03:55,130.050000000,7 890
GAZP,0,20130801,10:03:55,130.050000000,10
GAZP,0,20130801,10:03:55,130.050000000,10
GAZP,0,20130801,10:03:55,130.050000000,10
GAZP,0,20130801,10:03:55,130.050000000,10
GAZP,0,20130801,10:03:55,130.050000000,10
GAZP,0,20130801,10:03:55,130.050000000,10
GAZP,0,20130801,10:03:55,130.050000000,10
GAZP,0,20130801,10:03:55,130.050000000,10
GAZP,0,20130801,10:03:55,130.050000000,10
GAZP,0,20130801,10:03:55,130.050000000,10
GAZP,0,20130801,10:03:55,130.050000000,10
GAZP,0,20130801,10:03:55,130.050000000,10
GAZP,0,20130801,10:03:55,130.050000000,10
GAZP,0,20130801,10:03:55,130.050000000,10
GAZP,0,20130801,10:03:55,130.050000000,10
GAZP,0,20130801,10:03:55,130.050000000,10
GAZP,0,20130801,10:03:55,130.050000000,10
GAZP,0,20130801,10:03:55,130.060000000,30
GAZP,0,20130801,10:03:55,130.060000000,270
GAZP,0,20130801,10:03:55,130.060000000,230
GAZP,0,20130801,10:03:55,130.060000000,10
GAZP,0,20130801,10:03:55,130.060000000,10
GAZP,0,20130801,10:03:55,130.070000000,50
GAZP,0,20130801,10:03:55,130.070000000,2 000
GAZP,0,20130801,10:03:56,130.050000000,100
GAZP,0,20130801,10:03:56,130.070000000,10
GAZP,0,20130801,10:03:56,130.070000000,2 000
GAZP,0,20130801,10:03:57,130.060000000,10
GAZP,0,20130801,10:04:00,130.060000000,20
GAZP,0,20130801,10:04:01,130.060000000,10
GAZP,0,20130801,10:04:01,130.060000000,70
GAZP,0,20130801,10:04:02,130.060000000,220
GAZP,0,20130801,10:04:02,130.050000000,280
GAZP,0,20130801,10:04:04,130.060000000,100
GAZP,0,20130801,10:04:05,130.060000000,400
GAZP,0,20130801,10:04:05,130.060000000,170
GAZP,0,20130801,10:04:05,130.060000000,3 500
GAZP,0,20130801,10:04:05,130.050000000,1 380
GAZP,0,20130801,10:04:06,130.050000000,200
GAZP,0,20130801,10:04:06,130.050000000,700
GAZP,0,20130801,10:04:06,130.070000000,1 110
GAZP,0,20130801,10:04:06,130.070000000,470
GAZP,0,20130801,10:04:07,130.070000000,1 530
GAZP,0,20130801,10:04:07,130.070000000,10
GAZP,0,20130801,10:04:07,130.070000000,10
GAZP,0,20130801,10:04:07,130.070000000,10
GAZP,0,20130801,10:04:07,130.080000000,500
GAZP,0,20130801,10:04:07,130.080000000,100
GAZP,0,20130801,10:04:07,130.090000000,10
GAZP,0,20130801,10:04:07,130.090000000,100
GAZP,0,20130801,10:04:07,130.090000000,100
GAZP,0,20130801,10:04:07,130.090000000,20
GAZP,0,20130801,10:04:07,130.090000000,100
GAZP,0,20130801,10:04:07,130.090000000,530
GAZP,0,20130801,10:04:07,130.100000000,10
GAZP,0,20130801,10:04:07,130.100000000,970
GAZP,0,20130801,10:04:08,130.050000000,100
GAZP,0,20130801,10:04:09,130.050000000,100
GAZP,0,20130801,10:04:10,130.050000000,100
GAZP,0,20130801,10:04:12,130.050000000,100
GAZP,0,20130801,10:04:13,130.050000000,10
GAZP,0,20130801,10:04:13,130.050000000,9 830
GAZP,0,20130801,10:04:13,130.050000000,50
GAZP,0,20130801,10:04:14,130.070000000,10
GAZP,0,20130801,10:04:14,130.080000000,10
GAZP,0,20130801,10:04:14,130.100000000,2 980
GAZP,0,20130801,10:04:15,130.050000000,1 000
GAZP,0,20130801,10:04:19,130.080000000,30
GAZP,0,20130801,10:04:19,130.090000000,50
GAZP,0,20130801,10:04:21,130.050000000,5 150
GAZP,0,20130801,10:04:21,130.090000000,3 800
GAZP,0,20130801,10:04:21,130.060000000,100
GAZP,0,20130801,10:04:30,130.050000000,40
GAZP,0,20130801,10:04:33,130.060000000,10
GAZP,0,20130801,10:04:33,130.050000000,70
GAZP,0,20130801,10:04:35,130.050000000,400
GAZP,0,20130801,10:04:35,130.050000000,600
GAZP,0,20130801,10:04:35,130.050000000,400
GAZP,0,20130801,10:04:35,130.050000000,2 730
GAZP,0,20130801,10:04:35,130.050000000,4 300
GAZP,0,20130801,10:04:35,130.050000000,40
GAZP,0,20130801,10:04:35,130.050000000,210
GAZP,0,20130801,10:04:36,130.060000000,50
GAZP,0,20130801,10:04:36,130.070000000,750
GAZP,0,20130801,10:04:36,130.080000000,700
GAZP,0,20130801,10:04:36,130.050000000,600
GAZP,0,20130801,10:04:36,130.050000000,50
GAZP,0,20130801,10:04:37,130.050000000,140
GAZP,0,20130801,10:04:37,130.050000000,760
GAZP,0,20130801,10:04:39,130.060000000,120
GAZP,0,20130801,10:04:40,130.050000000,500
GAZP,0,20130801,10:04:43,130.050000000,900
GAZP,0,20130801,10:04:44,130.050000000,320
GAZP,0,20130801,10:04:44,130.050000000,310
GAZP,0,20130801,10:04:44,130.050000000,960
GAZP,0,20130801,10:04:44,130.050000000,610
GAZP,0,20130801,10:04:44,130.050000000,50
GAZP,0,20130801,10:04:44,130.050000000,40
GAZP,0,20130801,10:04:45,130.050000000,320
GAZP,0,20130801,10:04:45,130.050000000,1 000
GAZP,0,20130801,10:04:45,130.050000000,210
GAZP,0,20130801,10:04:45,130.050000000,700
GAZP,0,20130801,10:04:45,130.050000000,400
GAZP,0,20130801,10:04:45,130.050000000,1 790
GAZP,0,20130801,10:04:45,130.050000000,400
GAZP,0,20130801,10:04:45,130.050000000,300
GAZP,0,20130801,10:04:45,130.050000000,430
GAZP,0,20130801,10:04:45,130.050000000,50
GAZP,0,20130801,10:04:45,130.050000000,200
GAZP,0,20130801,10:04:45,130.050000000,200
GAZP,0,20130801,10:04:45,130.050000000,50
GAZP,0,20130801,10:04:45,130.060000000,200
GAZP,0,20130801,10:04:45,130.070000000,700
GAZP,0,20130801,10:04:45,130.070000000,1 100
GAZP,0,20130801,10:04:45,130.050000000,200
GAZP,0,20130801,10:04:45,130.050000000,400
GAZP,0,20130801,10:04:45,130.050000000,100
GAZP,0,20130801,10:04:45,130.050000000,200
GAZP,0,20130801,10:04:45,130.050000000,510
GAZP,0,20130801,10:04:45,130.050000000,690
GAZP,0,20130801,10:04:45,130.050000000,30
GAZP,0,20130801,10:04:45,130.050000000,200
GAZP,0,20130801,10:04:45,130.050000000,540
GAZP,0,20130801,10:04:45,130.050000000,200
GAZP,0,20130801,10:04:45,130.050000000,370
GAZP,0,20130801,10:04:45,130.050000000,240
GAZP,0,20130801,10:04:45,130.050000000,400
GAZP,0,20130801,10:04:45,130.050000000,280
GAZP,0,20130801,10:04:46,130.050000000,150
GAZP,0,20130801,10:04:46,130.050000000,50
GAZP,0,20130801,10:04:46,130.050000000,300
GAZP,0,20130801,10:04:46,130.050000000,200
GAZP,0,20130801,10:04:46,130.050000000,1 930
GAZP,0,20130801,10:04:46,130.050000000,700
GAZP,0,20130801,10:04:46,130.050000000,60
GAZP,0,20130801,10:04:47,130.050000000,10
GAZP,0,20130801,10:04:49,130.060000000,50
GAZP,0,20130801,10:04:49,130.060000000,120
GAZP,0,20130801,10:04:49,130.060000000,380
GAZP,0,20130801,10:04:49,130.050000000,50
GAZP,0,20130801,10:04:49,130.050000000,50
GAZP,0,20130801,10:04:50,130.050000000,50
GAZP,0,20130801,10:04:50,130.050000000,50
GAZP,0,20130801,10:04:52,130.050000000,100
GAZP,0,20130801,10:04:52,130.050000000,300
GAZP,0,20130801,10:04:53,130.060000000,100
GAZP,0,20130801,10:04:55,130.050000000,20
GAZP,0,20130801,10:04:55,130.050000000,500
GAZP,0,20130801,10:04:55,130.050000000,300
GAZP,0,20130801,10:04:55,130.050000000,50
GAZP,0,20130801,10:04:56,130.050000000,15 000
GAZP,0,20130801,10:04:56,130.050000000,200
GAZP,0,20130801,10:04:58,130.050000000,2 830
GAZP,0,20130801,10:04:59,130.050000000,4 490
GAZP,0,20130801,10:04:59,130.050000000,10
GAZP,0,20130801,10:05:00,130.050000000,2 000
GAZP,0,20130801,10:05:00,130.050000000,1 500
GAZP,0,20130801,10:05:00,130.050000000,1 500
GAZP,0,20130801,10:05:00,130.050000000,1 500
GAZP,0,20130801,10:05:03,130.050000000,1 500
GAZP,0,20130801,10:05:03,130.050000000,700
GAZP,0,20130801,10:05:03,130.050000000,100
GAZP,0,20130801,10:05:03,130.050000000,400
GAZP,0,20130801,10:05:03,130.050000000,300
GAZP,0,20130801,10:05:03,130.050000000,100
GAZP,0,20130801,10:05:03,130.050000000,300
GAZP,0,20130801,10:05:03,130.050000000,500
GAZP,0,20130801,10:05:05,130.050000000,50
GAZP,0,20130801,10:05:07,130.060000000,50
GAZP,0,20130801,10:05:07,130.060000000,50
GAZP,0,20130801,10:05:09,130.050000000,100
GAZP,0,20130801,10:05:14,130.050000000,100
GAZP,0,20130801,10:05:14,130.060000000,380
GAZP,0,20130801,10:05:16,130.050000000,300
GAZP,0,20130801,10:05:17,130.060000000,40
GAZP,0,20130801,10:05:17,130.060000000,1 000
GAZP,0,20130801,10:05:17,130.060000000,100
GAZP,0,20130801,10:05:17,130.060000000,100
GAZP,0,20130801,10:05:17,130.060000000,100
GAZP,0,20130801,10:05:17,130.060000000,1 500
GAZP,0,20130801,10:05:17,130.080000000,180
GAZP,0,20130801,10:05:18,130.050000000,370
GAZP,0,20130801,10:05:20,130.050000000,250
GAZP,0,20130801,10:05:20,130.050000000,2 000
GAZP,0,20130801,10:05:22,130.050000000,200
GAZP,0,20130801,10:05:22,130.050000000,250
GAZP,0,20130801,10:05:22,130.050000000,200
GAZP,0,20130801,10:05:23,130.050000000,200
GAZP,0,20130801,10:05:23,130.050000000,200
GAZP,0,20130801,10:05:23,130.050000000,100
GAZP,0,20130801,10:05:24,130.050000000,10
GAZP,0,20130801,10:05:25,130.050000000,200
GAZP,0,20130801,10:05:25,130.050000000,300
GAZP,0,20130801,10:05:26,130.050000000,1 000
GAZP,0,20130801,10:05:26,130.050000000,250
GAZP,0,20130801,10:05:26,130.050000000,100
GAZP,0,20130801,10:05:27,130.050000000,230
GAZP,0,20130801,10:05:27,130.050000000,170
GAZP,0,20130801,10:05:27,130.050000000,80
GAZP,0,20130801,10:05:27,130.050000000,60
GAZP,0,20130801,10:05:27,130.050000000,250
GAZP,0,20130801,10:05:27,130.050000000,50
GAZP,0,20130801,10:05:27,130.050000000,330
GAZP,0,20130801,10:05:28,130.050000000,100
GAZP,0,20130801,10:05:29,130.050000000,10
GAZP,0,20130801,10:05:31,130.050000000,80
GAZP,0,20130801,10:05:36,130.050000000,10
GAZP,0,20130801,10:05:38,130.050000000,5 780
GAZP,0,20130801,10:05:38,130.050000000,4 020
GAZP,0,20130801,10:05:39,130.050000000,2 500
GAZP,0,20130801,10:05:39,130.050000000,120
GAZP,0,20130801,10:05:43,130.060000000,50
GAZP,0,20130801,10:05:46,130.050000000,300
GAZP,0,20130801,10:05:46,130.050000000,100
GAZP,0,20130801,10:05:47,130.050000000,700
GAZP,0,20130801,10:05:47,130.050000000,300
GAZP,0,20130801,10:05:48,130.060000000,2 490
GAZP,0,20130801,10:05:49,130.050000000,500
GAZP,0,20130801,10:05:49,130.050000000,300
GAZP,0,20130801,10:05:53,130.050000000,11 700
GAZP,0,20130801,10:05:54,130.010000000,50
GAZP,0,20130801,10:05:54,130.010000000,30
GAZP,0,20130801,10:05:54,130.000000000,100
GAZP,0,20130801,10:05:54,130.000000000,10
GAZP,0,20130801,10:05:54,130.000000000,10
GAZP,0,20130801,10:05:54,130.000000000,1 800
GAZP,0,20130801,10:05:55,130.040000000,100
GAZP,0,20130801,10:05:55,130.040000000,300
GAZP,0,20130801,10:05:55,130.000000000,2 200
GAZP,0,20130801,10:05:55,129.990000000,20
GAZP,0,20130801,10:05:55,129.990000000,30
GAZP,0,20130801,10:05:55,129.980000000,200
GAZP,0,20130801,10:05:55,129.980000000,300
GAZP,0,20130801,10:05:57,129.910000000,30
GAZP,0,20130801,10:05:57,129.910000000,80
GAZP,0,20130801,10:05:58,129.930000000,160
GAZP,0,20130801,10:05:58,129.930000000,70
GAZP,0,20130801,10:05:58,129.900000000,10
GAZP,0,20130801,10:05:58,129.900000000,90
GAZP,0,20130801,10:05:58,129.930000000,80
GAZP,0,20130801,10:05:58,129.930000000,660
GAZP,0,20130801,10:05:58,129.930000000,500
GAZP,0,20130801,10:05:58,129.930000000,100
GAZP,0,20130801,10:06:03,129.940000000,500
GAZP,0,20130801,10:06:13,129.930000000,100
GAZP,0,20130801,10:06:16,129.930000000,2 400
GAZP,0,20130801,10:06:16,129.930000000,1 000
GAZP,0,20130801,10:06:16,129.920000000,600
GAZP,0,20130801,10:06:28,129.910000000,150
GAZP,0,20130801,10:06:30,129.860000000,1 500
GAZP,0,20130801,10:06:30,129.860000000,500
GAZP,0,20130801,10:06:30,129.860000000,200
GAZP,0,20130801,10:06:30,129.860000000,1 500
GAZP,0,20130801,10:06:30,129.850000000,80
GAZP,0,20130801,10:06:48,129.810000000,10
GAZP,0,20130801,10:06:48,129.840000000,150
GAZP,0,20130801,10:06:48,129.840000000,100
GAZP,0,20130801,10:06:48,129.840000000,200
GAZP,0,20130801,10:06:48,129.850000000,1 470
GAZP,0,20130801,10:06:48,129.810000000,10
GAZP,0,20130801,10:06:48,129.810000000,290
GAZP,0,20130801,10:06:50,129.840000000,250
GAZP,0,20130801,10:06:50,129.840000000,1 500
GAZP,0,20130801,10:06:51,129.840000000,750
GAZP,0,20130801,10:06:51,129.850000000,450
GAZP,0,20130801,10:06:52,129.870000000,100
GAZP,0,20130801,10:06:52,129.890000000,10
GAZP,0,20130801,10:06:52,129.900000000,1 000
GAZP,0,20130801,10:06:52,129.900000000,1 190
GAZP,0,20130801,10:06:54,129.850000000,500
GAZP,0,20130801,10:06:54,129.840000000,90
GAZP,0,20130801,10:06:58,129.870000000,10
GAZP,0,20130801,10:07:00,129.900000000,10
GAZP,0,20130801,10:07:02,129.900000000,110
GAZP,0,20130801,10:07:02,129.900000000,550
GAZP,0,20130801,10:07:07,129.900000000,49 450
GAZP,0,20130801,10:07:07,129.920000000,10 560
GAZP,0,20130801,10:07:07,129.920000000,2 000
GAZP,0,20130801,10:07:07,129.920000000,1 000
GAZP,0,20130801,10:07:07,129.930000000,10
GAZP,0,20130801,10:07:07,129.950000000,10
GAZP,0,20130801,10:07:07,129.950000000,500
GAZP,0,20130801,10:07:07,129.950000000,1 200
GAZP,0,20130801,10:07:07,129.950000000,270
GAZP,0,20130801,10:07:09,129.880000000,300
GAZP,0,20130801,10:07:09,129.900000000,10
GAZP,0,20130801,10:07:11,129.870000000,200
GAZP,0,20130801,10:07:12,129.940000000,20
GAZP,0,20130801,10:07:12,129.940000000,230
GAZP,0,20130801,10:07:14,129.880000000,20
GAZP,0,20130801,10:07:14,129.870000000,180
GAZP,0,20130801,10:07:20,129.920000000,30
GAZP,0,20130801,10:07:20,129.920000000,70
GAZP,0,20130801,10:07:23,129.940000000,270
GAZP,0,20130801,10:07:23,129.940000000,130
GAZP,0,20130801,10:07:23,129.900000000,700
GAZP,0,20130801,10:07:23,129.900000000,1 500
GAZP,0,20130801,10:07:23,129.900000000,400
GAZP,0,20130801,10:07:23,129.900000000,400
GAZP,0,20130801,10:07:24,129.900000000,1 400
GAZP,0,20130801,10:07:26,129.950000000,100
GAZP,0,20130801,10:07:29,129.950000000,310
GAZP,0,20130801,10:07:29,129.960000000,690
GAZP,0,20130801,10:07:29,129.960000000,700
GAZP,0,20130801,10:07:29,129.960000000,300
GAZP,0,20130801,10:07:29,129.970000000,300
GAZP,0,20130801,10:07:29,129.970000000,200
GAZP,0,20130801,10:07:31,129.980000000,10
GAZP,0,20130801,10:07:31,129.980000000,10
GAZP,0,20130801,10:07:31,129.990000000,80
GAZP,0,20130801,10:07:33,129.990000000,20
GAZP,0,20130801,10:07:33,129.990000000,1 180
GAZP,0,20130801,10:07:33,129.990000000,760
GAZP,0,20130801,10:07:33,129.990000000,90
GAZP,0,20130801,10:07:33,129.990000000,1 480
GAZP,0,20130801,10:07:33,129.990000000,1 260
GAZP,0,20130801,10:07:33,129.990000000,370
GAZP,0,20130801,10:07:33,129.990000000,30
GAZP,0,20130801,10:07:35,129.990000000,90
GAZP,0,20130801,10:07:35,129.990000000,10
GAZP,0,20130801,10:07:38,129.980000000,100
GAZP,0,20130801,10:07:38,129.990000000,40
GAZP,0,20130801,10:07:38,129.990000000,50
GAZP,0,20130801,10:07:42,129.990000000,40
GAZP,0,20130801,10:07:43,129.980000000,10
GAZP,0,20130801,10:07:45,129.980000000,10
GAZP,0,20130801,10:07:46,129.980000000,10
GAZP,0,20130801,10:07:47,129.980000000,10
GAZP,0,20130801,10:07:48,129.980000000,10
GAZP,0,20130801,10:07:48,129.980000000,300
GAZP,0,20130801,10:07:48,129.990000000,40
GAZP,0,20130801,10:07:48,129.990000000,300
GAZP,0,20130801,10:07:48,129.990000000,50
GAZP,0,20130801,10:07:48,129.990000000,460
GAZP,0,20130801,10:07:48,129.980000000,10
GAZP,0,20130801,10:07:49,129.990000000,50
GAZP,0,20130801,10:07:49,129.990000000,50
GAZP,0,20130801,10:07:49,129.980000000,10
GAZP,0,20130801,10:07:49,129.990000000,50
GAZP,0,20130801,10:07:50,129.980000000,10
GAZP,0,20130801,10:07:50,129.990000000,400
GAZP,0,20130801,10:07:50,129.980000000,10
GAZP,0,20130801,10:07:51,129.980000000,10
GAZP,0,20130801,10:07:51,129.990000000,480
GAZP,0,20130801,10:07:51,129.990000000,530
GAZP,0,20130801,10:07:51,129.990000000,80
GAZP,0,20130801,10:07:51,129.990000000,50
GAZP,0,20130801,10:07:51,129.980000000,10
GAZP,0,20130801,10:07:52,129.990000000,50
GAZP,0,20130801,10:07:52,129.990000000,50
GAZP,0,20130801,10:07:52,129.990000000,50
GAZP,0,20130801,10:07:52,129.980000000,10
GAZP,0,20130801,10:07:52,129.990000000,40
GAZP,0,20130801,10:07:53,129.980000000,10
GAZP,0,20130801,10:07:53,129.990000000,1 500
GAZP,0,20130801,10:07:53,129.980000000,10
GAZP,0,20130801,10:07:54,129.980000000,10
GAZP,0,20130801,10:07:54,129.980000000,10
GAZP,0,20130801,10:07:55,129.980000000,10
GAZP,0,20130801,10:07:55,129.990000000,10 370
GAZP,0,20130801,10:07:55,129.990000000,5 000
GAZP,0,20130801,10:07:55,129.980000000,100
GAZP,0,20130801,10:07:56,129.980000000,10
GAZP,0,20130801,10:07:56,129.980000000,10
GAZP,0,20130801,10:07:56,129.980000000,5 000
GAZP,0,20130801,10:07:57,129.980000000,10
GAZP,0,20130801,10:07:58,129.980000000,10
GAZP,0,20130801,10:07:58,129.980000000,100
GAZP,0,20130801,10:07:58,129.980000000,10
GAZP,0,20130801,10:07:58,129.990000000,490
GAZP,0,20130801,10:07:59,129.980000000,10
GAZP,0,20130801,10:08:00,129.980000000,100
GAZP,0,20130801,10:08:00,129.980000000,600
GAZP,0,20130801,10:08:00,129.990000000,10
GAZP,0,20130801,10:08:00,129.980000000,10
GAZP,0,20130801,10:08:00,129.980000000,10
GAZP,0,20130801,10:08:01,129.980000000,10
GAZP,0,20130801,10:08:01,129.980000000,10
GAZP,0,20130801,10:08:02,129.990000000,2 840
GAZP,0,20130801,10:08:02,129.990000000,30
GAZP,0,20130801,10:08:02,129.980000000,10
GAZP,0,20130801,10:08:06,129.980000000,10
GAZP,0,20130801,10:08:06,129.990000000,160
GAZP,0,20130801,10:08:06,129.990000000,40
GAZP,0,20130801,10:08:07,129.990000000,4 650
GAZP,0,20130801,10:08:07,129.990000000,190
GAZP,0,20130801,10:08:07,129.980000000,10
GAZP,0,20130801,10:08:07,129.980000000,10
GAZP,0,20130801,10:08:08,129.980000000,280
GAZP,0,20130801,10:08:09,129.980000000,10
GAZP,0,20130801,10:08:09,129.980000000,10
GAZP,0,20130801,10:08:10,129.980000000,10
GAZP,0,20130801,10:08:10,129.980000000,10
GAZP,0,20130801,10:08:11,129.980000000,10
GAZP,0,20130801,10:08:12,129.980000000,10
GAZP,0,20130801,10:08:12,129.980000000,10
GAZP,0,20130801,10:08:12,129.980000000,10
GAZP,0,20130801,10:08:13,129.980000000,10
GAZP,0,20130801,10:08:14,129.980000000,10
GAZP,0,20130801,10:08:14,129.980000000,10
GAZP,0,20130801,10:08:14,129.990000000,20
GAZP,0,20130801,10:08:15,129.980000000,10
GAZP,0,20130801,10:08:16,129.980000000,10
GAZP,0,20130801,10:08:16,129.980000000,10
GAZP,0,20130801,10:08:16,129.980000000,10
GAZP,0,20130801,10:08:17,129.980000000,10
GAZP,0,20130801,10:08:18,129.980000000,10
GAZP,0,20130801,10:08:18,129.980000000,410
GAZP,0,20130801,10:08:19,129.960000000,200
GAZP,0,20130801,10:08:22,129.960000000,100
GAZP,0,20130801,10:08:22,129.970000000,400
GAZP,0,20130801,10:08:33,129.930000000,10
GAZP,0,20130801,10:08:34,129.930000000,50
GAZP,0,20130801,10:08:34,129.930000000,10
GAZP,0,20130801,10:08:35,129.930000000,200
GAZP,0,20130801,10:08:35,129.930000000,100
GAZP,0,20130801,10:08:37,129.930000000,10
GAZP,0,20130801,10:08:38,129.930000000,10
GAZP,0,20130801,10:08:38,129.930000000,1 610
GAZP,0,20130801,10:08:38,129.900000000,1 290
GAZP,0,20130801,10:08:38,129.900000000,100
GAZP,0,20130801,10:08:38,129.900000000,450
GAZP,0,20130801,10:08:39,129.930000000,10
GAZP,0,20130801,10:08:39,129.940000000,10
GAZP,0,20130801,10:08:39,129.940000000,10
GAZP,0,20130801,10:08:39,129.880000000,300
GAZP,0,20130801,10:08:52,129.900000000,1 100
GAZP,0,20130801,10:08:52,129.900000000,820
GAZP,0,20130801,10:08:56,129.900000000,10
GAZP,0,20130801,10:08:56,129.910000000,10
GAZP,0,20130801,10:08:59,129.910000000,10
GAZP,0,20130801,10:09:01,129.910000000,10
GAZP,0,20130801,10:09:01,129.910000000,200
GAZP,0,20130801,10:09:01,129.910000000,10
GAZP,0,20130801,10:09:02,129.920000000,10
GAZP,0,20130801,10:09:02,129.920000000,10
GAZP,0,20130801,10:09:02,129.930000000,10
GAZP,0,20130801,10:09:02,129.920000000,10
GAZP,0,20130801,10:09:02,129.920000000,340
GAZP,0,20130801,10:09:03,129.900000000,200
GAZP,0,20130801,10:09:05,129.910000000,10
GAZP,0,20130801,10:09:06,129.890000000,30
GAZP,0,20130801,10:09:12,129.900000000,10
GAZP,0,20130801,10:09:12,129.900000000,10
GAZP,0,20130801,10:09:14,129.900000000,10
GAZP,0,20130801,10:09:14,129.900000000,10
GAZP,0,20130801,10:09:16,129.900000000,10
GAZP,0,20130801,10:09:16,129.900000000,10
GAZP,0,20130801,10:09:17,129.900000000,10
GAZP,0,20130801,10:09:18,129.900000000,10
GAZP,0,20130801,10:09:18,129.900000000,10
GAZP,0,20130801,10:09:19,129.900000000,10
GAZP,0,20130801,10:09:26,129.900000000,80
GAZP,0,20130801,10:09:26,129.910000000,10
GAZP,0,20130801,10:09:26,129.910000000,10
GAZP,0,20130801,10:09:29,129.900000000,80
GAZP,0,20130801,10:09:35,129.900000000,700
GAZP,0,20130801,10:09:35,129.900000000,720
GAZP,0,20130801,10:09:35,129.920000000,10
GAZP,0,20130801,10:09:35,129.920000000,10
GAZP,0,20130801,10:09:35,129.920000000,260
GAZP,0,20130801,10:09:35,129.920000000,1 740
GAZP,0,20130801,10:09:35,129.930000000,50
GAZP,0,20130801,10:09:35,129.930000000,10
GAZP,0,20130801,10:09:35,129.930000000,10
GAZP,0,20130801,10:09:35,129.930000000,10
GAZP,0,20130801,10:09:35,129.930000000,10
GAZP,0,20130801,10:09:35,129.930000000,10
GAZP,0,20130801,10:09:35,129.930000000,10
GAZP,0,20130801,10:09:35,129.930000000,10
GAZP,0,20130801,10:09:35,129.930000000,10
GAZP,0,20130801,10:09:35,129.930000000,10
GAZP,0,20130801,10:09:35,129.930000000,10
GAZP,0,20130801,10:09:35,129.930000000,10
GAZP,0,20130801,10:09:35,129.940000000,10
GAZP,0,20130801,10:09:35,129.940000000,50
GAZP,0,20130801,10:09:35,129.950000000,10
GAZP,0,20130801,10:09:35,129.950000000,30
GAZP,0,20130801,10:09:35,129.950000000,500
GAZP,0,20130801,10:09:35,129.950000000,800
GAZP,0,20130801,10:09:35,129.950000000,170
GAZP,0,20130801,10:09:35,129.950000000,80
GAZP,0,20130801,10:09:35,129.950000000,10
GAZP,0,20130801,10:09:35,129.960000000,10
GAZP,0,20130801,10:09:35,129.960000000,30
GAZP,0,20130801,10:09:35,129.930000000,200
GAZP,0,20130801,10:09:35,129.930000000,200
GAZP,0,20130801,10:09:35,129.930000000,500
GAZP,0,20130801,10:09:35,129.910000000,100
GAZP,0,20130801,10:09:35,129.960000000,500
GAZP,0,20130801,10:09:35,129.960000000,300
GAZP,0,20130801,10:09:36,129.960000000,70
GAZP,0,20130801,10:09:43,129.950000000,50
GAZP,0,20130801,10:09:49,129.950000000,700
GAZP,0,20130801,10:09:49,129.950000000,30
GAZP,0,20130801,10:09:49,129.950000000,10
GAZP,0,20130801,10:09:51,129.960000000,2 000
GAZP,0,20130801,10:09:53,129.960000000,600
GAZP,0,20130801,10:09:53,129.960000000,1 500
GAZP,0,20130801,10:09:53,129.970000000,10
GAZP,0,20130801,10:09:53,129.970000000,500
GAZP,0,20130801,10:09:53,129.970000000,10
GAZP,0,20130801,10:09:53,129.980000000,10
GAZP,0,20130801,10:09:53,129.990000000,2 970
GAZP,0,20130801,10:09:57,129.990000000,10
GAZP,0,20130801,10:09:58,129.970000000,10
GAZP,0,20130801,10:09:59,129.970000000,590
GAZP,0,20130801,10:09:59,129.970000000,170
GAZP,0,20130801,10:09:59,129.960000000,1 440
GAZP,0,20130801,10:10:04,129.980000000,50
GAZP,0,20130801,10:10:04,129.990000000,3 590
GAZP,0,20130801,10:10:04,129.990000000,10
GAZP,0,20130801,10:10:04,129.990000000,50
GAZP,0,20130801,10:10:04,129.990000000,10
GAZP,0,20130801,10:10:04,129.990000000,7 400
GAZP,0,20130801,10:10:07,129.970000000,690
GAZP,0,20130801,10:10:08,129.990000000,10
GAZP,0,20130801,10:10:09,129.960000000,2 000
GAZP,0,20130801,10:10:09,129.960000000,1 000
GAZP,0,20130801,10:10:09,129.960000000,1 500
GAZP,0,20130801,10:10:09,129.960000000,500
GAZP,0,20130801,10:10:10,129.990000000,10
GAZP,0,20130801,10:10:13,129.960000000,70
GAZP,0,20130801,10:10:16,129.960000000,300
GAZP,0,20130801,10:10:16,129.960000000,430
GAZP,0,20130801,10:10:21,129.950000000,20
GAZP,0,20130801,10:10:25,129.950000000,100
GAZP,0,20130801,10:10:26,129.960000000,10
GAZP,0,20130801,10:10:36,129.950000000,540
GAZP,0,20130801,10:10:37,129.960000000,10
GAZP,0,20130801,10:10:37,129.940000000,40
GAZP,0,20130801,10:10:41,129.940000000,1 500
GAZP,0,20130801,10:10:42,129.940000000,10
GAZP,0,20130801,10:10:44,129.940000000,1 250
GAZP,0,20130801,10:10:44,129.940000000,100
GAZP,0,20130801,10:10:44,129.940000000,510
GAZP,0,20130801,10:10:44,129.940000000,490
GAZP,0,20130801,10:10:44,129.940000000,150
GAZP,0,20130801,10:10:44,129.940000000,170
GAZP,0,20130801,10:10:44,129.940000000,280
GAZP,0,20130801,10:10:44,129.940000000,1 220
GAZP,0,20130801,10:10:44,129.940000000,780
GAZP,0,20130801,10:10:48,129.940000000,10
GAZP,0,20130801,10:10:54,129.940000000,300
GAZP,0,20130801,10:10:54,129.940000000,10
GAZP,0,20130801,10:10:54,129.960000000,80
GAZP,0,20130801,10:10:54,129.960000000,100
GAZP,0,20130801,10:10:54,129.960000000,510
GAZP,0,20130801,10:10:54,129.960000000,700
GAZP,0,20130801,10:10:54,129.940000000,2 000
GAZP,0,20130801,10:10:54,129.970000000,300
GAZP,0,20130801,10:10:54,129.970000000,500
GAZP,0,20130801,10:10:54,129.970000000,1 700
GAZP,0,20130801,10:10:54,129.950000000,1 000
GAZP,0,20130801,10:10:54,129.970000000,500
GAZP,0,20130801,10:10:54,129.970000000,3 500
GAZP,0,20130801,10:10:55,129.970000000,300
GAZP,0,20130801,10:10:55,129.970000000,300
GAZP,0,20130801,10:10:55,129.970000000,600
GAZP,0,20130801,10:10:55,129.970000000,770
GAZP,0,20130801,10:10:55,129.970000000,1 000
GAZP,0,20130801,10:10:55,129.970000000,530
GAZP,0,20130801,10:10:55,129.980000000,100
GAZP,0,20130801,10:10:55,129.980000000,400
GAZP,0,20130801,10:10:55,129.980000000,100
GAZP,0,20130801,10:10:55,129.980000000,50
GAZP,0,20130801,10:10:55,129.980000000,10
GAZP,0,20130801,10:10:55,129.990000000,340
GAZP,0,20130801,10:10:55,129.990000000,800
GAZP,0,20130801,10:10:55,129.990000000,300
GAZP,0,20130801,10:10:55,129.990000000,200
GAZP,0,20130801,10:10:55,129.990000000,300
GAZP,0,20130801,10:10:55,129.990000000,500
GAZP,0,20130801,10:11:02,129.980000000,100
GAZP,0,20130801,10:11:06,129.990000000,10
GAZP,0,20130801,10:11:10,129.980000000,150
GAZP,0,20130801,10:11:15,129.990000000,1 550
GAZP,0,20130801,10:11:15,129.990000000,30
GAZP,0,20130801,10:11:15,129.990000000,160
GAZP,0,20130801,10:11:15,129.990000000,360
GAZP,0,20130801,10:11:15,129.990000000,1 200
GAZP,0,20130801,10:11:15,129.990000000,20
GAZP,0,20130801,10:11:15,129.990000000,640
GAZP,0,20130801,10:11:15,129.990000000,880
GAZP,0,20130801,10:11:15,129.990000000,300
GAZP,0,20130801,10:11:15,129.990000000,600
GAZP,0,20130801,10:11:15,129.990000000,50
GAZP,0,20130801,10:11:17,129.980000000,300
GAZP,0,20130801,10:11:19,129.990000000,1 500
GAZP,0,20130801,10:11:19,129.990000000,250
GAZP,0,20130801,10:11:19,129.990000000,190
GAZP,0,20130801,10:11:20,129.990000000,60
GAZP,0,20130801,10:11:20,129.990000000,110
GAZP,0,20130801,10:11:20,129.990000000,10
GAZP,0,20130801,10:11:20,129.990000000,780
GAZP,0,20130801,10:11:20,129.990000000,510
GAZP,0,20130801,10:11:20,129.990000000,800
GAZP,0,20130801,10:11:21,129.990000000,10
GAZP,0,20130801,10:11:25,129.990000000,1 000
GAZP,0,20130801,10:11:28,129.990000000,600
GAZP,0,20130801,10:11:28,129.990000000,300
GAZP,0,20130801,10:11:28,129.990000000,330
GAZP,0,20130801,10:11:28,129.990000000,200
GAZP,0,20130801,10:11:28,129.990000000,50
GAZP,0,20130801,10:11:28,129.990000000,550
GAZP,0,20130801,10:11:28,129.990000000,920
GAZP,0,20130801,10:11:28,129.990000000,690
GAZP,0,20130801,10:11:28,129.990000000,1 000
GAZP,0,20130801,10:11:28,129.990000000,1 000
GAZP,0,20130801,10:11:28,129.990000000,1 500
GAZP,0,20130801,10:11:28,129.990000000,300
GAZP,0,20130801,10:11:28,129.990000000,500
GAZP,0,20130801,10:11:28,129.990000000,300
GAZP,0,20130801,10:11:28,129.990000000,200
GAZP,0,20130801,10:11:28,129.990000000,340
GAZP,0,20130801,10:11:28,129.990000000,300
GAZP,0,20130801,10:11:28,129.990000000,40
GAZP,0,20130801,10:11:28,129.990000000,460
GAZP,0,20130801,10:11:28,129.990000000,300
GAZP,0,20130801,10:11:29,129.990000000,520
GAZP,0,20130801,10:11:29,129.990000000,170
GAZP,0,20130801,10:11:29,129.990000000,500
GAZP,0,20130801,10:11:29,129.990000000,50
GAZP,0,20130801,10:11:29,129.990000000,200
GAZP,0,20130801,10:11:30,129.980000000,10
GAZP,0,20130801,10:11:31,129.990000000,50
GAZP,0,20130801,10:11:31,129.990000000,110
GAZP,0,20130801,10:11:31,129.990000000,10
GAZP,0,20130801,10:11:31,129.990000000,20
GAZP,0,20130801,10:11:31,129.990000000,20
GAZP,0,20130801,10:11:31,129.990000000,10
GAZP,0,20130801,10:11:31,129.990000000,10
GAZP,0,20130801,10:11:31,129.990000000,490
GAZP,0,20130801,10:11:31,129.990000000,10
GAZP,0,20130801,10:11:31,130.000000000,500
GAZP,0,20130801,10:11:31,130.000000000,1 000
GAZP,0,20130801,10:11:31,130.000000000,8 490
GAZP,0,20130801,10:11:32,129.990000000,200
GAZP,0,20130801,10:11:32,130.000000000,200
GAZP,0,20130801,10:11:32,130.000000000,200
GAZP,0,20130801,10:11:32,130.000000000,600
GAZP,0,20130801,10:11:33,130.000000000,190
GAZP,0,20130801,10:11:33,130.000000000,300
GAZP,0,20130801,10:11:33,130.000000000,10
GAZP,0,20130801,10:11:33,130.000000000,10
GAZP,0,20130801,10:11:33,130.000000000,590
GAZP,0,20130801,10:11:33,130.000000000,1 500
GAZP,0,20130801,10:11:33,130.000000000,600
GAZP,0,20130801,10:11:46,130.000000000,50
GAZP,0,20130801,10:11:46,130.000000000,630
GAZP,0,20130801,10:11:46,130.000000000,2 000
GAZP,0,20130801,10:11:46,130.000000000,100
GAZP,0,20130801,10:11:46,130.000000000,870
GAZP,0,20130801,10:11:46,130.000000000,2 000
GAZP,0,20130801,10:11:47,130.000000000,100
GAZP,0,20130801,10:11:47,129.990000000,50
GAZP,0,20130801,10:11:47,129.990000000,200
GAZP,0,20130801,10:11:48,130.000000000,100
GAZP,0,20130801,10:11:49,130.000000000,100
GAZP,0,20130801,10:11:53,129.990000000,220
GAZP,0,20130801,10:11:53,129.990000000,500
GAZP,0,20130801,10:11:53,129.990000000,200
GAZP,0,20130801,10:11:53,129.990000000,1 500
GAZP,0,20130801,10:11:53,129.990000000,80
GAZP,0,20130801,10:11:55,129.990000000,300
GAZP,0,20130801,10:11:57,129.990000000,550
GAZP,0,20130801,10:11:59,129.990000000,10
GAZP,0,20130801,10:12:02,129.990000000,60
GAZP,0,20130801,10:12:02,129.980000000,50
GAZP,0,20130801,10:12:02,129.980000000,50
GAZP,0,20130801,10:12:04,129.980000000,40
GAZP,0,20130801,10:12:04,129.980000000,400
GAZP,0,20130801,10:12:04,129.980000000,10
GAZP,0,20130801,10:12:04,129.980000000,1 050
GAZP,0,20130801,10:12:05,129.980000000,1 000
GAZP,0,20130801,10:12:06,129.980000000,1 360
GAZP,0,20130801,10:12:06,129.970000000,570
GAZP,0,20130801,10:12:06,129.970000000,70
GAZP,0,20130801,10:12:09,129.980000000,1 500
GAZP,0,20130801,10:12:09,129.980000000,290
GAZP,0,20130801,10:12:09,129.980000000,740
GAZP,0,20130801,10:12:13,129.970000000,20
GAZP,0,20130801,10:12:28,129.970000000,20
GAZP,0,20130801,10:12:28,129.970000000,210
GAZP,0,20130801,10:12:28,129.970000000,200
GAZP,0,20130801,10:12:28,129.960000000,680
GAZP,0,20130801,10:12:28,129.960000000,430
GAZP,0,20130801,10:12:28,129.970000000,540
GAZP,0,20130801,10:12:28,129.970000000,60
GAZP,0,20130801,10:12:28,129.970000000,250
GAZP,0,20130801,10:12:28,129.960000000,290
GAZP,0,20130801,10:12:28,129.950000000,100
GAZP,0,20130801,10:12:28,129.940000000,360
GAZP,0,20130801,10:12:29,129.970000000,210
GAZP,0,20130801,10:12:31,129.980000000,1 030
GAZP,0,20130801,10:12:34,129.940000000,20
GAZP,0,20130801,10:12:38,129.940000000,20
GAZP,0,20130801,10:12:44,129.940000000,100
GAZP,0,20130801,10:12:47,129.940000000,500
GAZP,0,20130801,10:12:47,129.940000000,400
GAZP,0,20130801,10:12:47,129.940000000,20
GAZP,0,20130801,10:12:51,129.920000000,310
GAZP,0,20130801,10:12:51,129.920000000,1 160
GAZP,0,20130801,10:12:51,129.900000000,10 000
GAZP,0,20130801,10:12:51,129.900000000,530
GAZP,0,20130801,10:12:53,129.900000000,100
GAZP,0,20130801,10:12:54,129.880000000,500
GAZP,0,20130801,10:12:57,129.890000000,20
GAZP,0,20130801,10:12:57,129.890000000,80
GAZP,0,20130801,10:13:05,129.900000000,50
GAZP,0,20130801,10:13:06,129.880000000,10
GAZP,0,20130801,10:13:12,129.880000000,10
GAZP,0,20130801,10:13:13,129.900000000,120
GAZP,0,20130801,10:13:14,129.880000000,90
GAZP,0,20130801,10:13:14,129.880000000,100
GAZP,0,20130801,10:13:18,129.900000000,200
GAZP,0,20130801,10:13:29,129.900000000,2 530
GAZP,0,20130801,10:13:29,129.900000000,10
GAZP,0,20130801,10:13:29,129.900000000,50
GAZP,0,20130801,10:13:29,129.900000000,1 410
GAZP,0,20130801,10:13:31,129.900000000,1 030
GAZP,0,20130801,10:13:34,129.900000000,1 300
GAZP,0,20130801,10:13:36,129.900000000,50
GAZP,0,20130801,10:13:41,129.930000000,330
GAZP,0,20130801,10:13:41,129.930000000,1 410
GAZP,0,20130801,10:13:41,129.930000000,1 000
GAZP,0,20130801,10:13:42,129.940000000,10
GAZP,0,20130801,10:13:45,129.900000000,500
GAZP,0,20130801,10:13:45,129.900000000,1 150
GAZP,0,20130801,10:13:45,129.880000000,40
GAZP,0,20130801,10:14:04,129.930000000,10
GAZP,0,20130801,10:14:07,129.930000000,400
GAZP,0,20130801,10:14:16,129.880000000,10
GAZP,0,20130801,10:14:30,129.880000000,10
GAZP,0,20130801,10:14:32,129.890000000,30
GAZP,0,20130801,10:14:32,129.890000000,1 040
GAZP,0,20130801,10:14:33,129.880000000,10
GAZP,0,20130801,10:14:38,129.890000000,1 740
GAZP,0,20130801,10:14:38,129.890000000,260
GAZP,0,20130801,10:14:42,129.880000000,10
GAZP,0,20130801,10:14:45,129.880000000,10
GAZP,0,20130801,10:14:50,129.880000000,10
GAZP,0,20130801,10:14:51,129.880000000,10
GAZP,0,20130801,10:14:51,129.880000000,10
GAZP,0,20130801,10:14:51,129.860000000,10
GAZP,0,20130801,10:14:52,129.860000000,1 400
GAZP,0,20130801,10:14:54,129.880000000,10
GAZP,0,20130801,10:14:54,129.880000000,10
GAZP,0,20130801,10:14:54,129.860000000,10
GAZP,0,20130801,10:14:55,129.890000000,800
GAZP,0,20130801,10:14:55,129.880000000,600
GAZP,0,20130801,10:14:55,129.880000000,340
GAZP,0,20130801,10:14:55,129.880000000,10
GAZP,0,20130801,10:14:55,129.880000000,200
GAZP,0,20130801,10:14:55,129.860000000,200
GAZP,0,20130801,10:14:55,129.860000000,70
GAZP,0,20130801,10:14:55,129.850000000,500
GAZP,0,20130801,10:14:55,129.850000000,130
GAZP,0,20130801,10:14:55,129.860000000,300
GAZP,0,20130801,10:14:56,129.860000000,10
GAZP,0,20130801,10:14:56,129.860000000,200
GAZP,0,20130801,10:14:56,129.860000000,300
GAZP,0,20130801,10:14:57,129.860000000,1 500
GAZP,0,20130801,10:14:57,129.860000000,120
GAZP,0,20130801,10:14:57,129.850000000,70
GAZP,0,20130801,10:14:57,129.840000000,50
GAZP,0,20130801,10:14:57,129.840000000,50
GAZP,0,20130801,10:14:57,129.830000000,1 300
GAZP,0,20130801,10:14:57,129.830000000,500
GAZP,0,20130801,10:14:57,129.860000000,120
GAZP,0,20130801,10:14:57,129.820000000,80
GAZP,0,20130801,10:14:57,129.820000000,490
GAZP,0,20130801,10:14:57,129.810000000,1 010
GAZP,0,20130801,10:14:57,129.800000000,100
GAZP,0,20130801,10:14:57,129.800000000,40
GAZP,0,20130801,10:14:57,129.800000000,20
GAZP,0,20130801,10:14:57,129.800000000,100
GAZP,0,20130801,10:14:57,129.800000000,40
GAZP,0,20130801,10:14:58,129.820000000,300
GAZP,0,20130801,10:14:58,129.820000000,100
GAZP,0,20130801,10:14:58,129.800000000,100
GAZP,0,20130801,10:14:58,129.820000000,100
GAZP,0,20130801,10:14:59,129.800000000,300
GAZP,0,20130801,10:14:59,129.800000000,300
GAZP,0,20130801,10:14:59,129.800000000,10
GAZP,0,20130801,10:15:00,129.810000000,100
GAZP,0,20130801,10:15:00,129.810000000,1 420
GAZP,0,20130801,10:15:00,129.810000000,100
GAZP,0,20130801,10:15:01,129.810000000,500
GAZP,0,20130801,10:15:02,129.810000000,10
GAZP,0,20130801,10:15:02,129.820000000,300
GAZP,0,20130801,10:15:02,129.880000000,50
GAZP,0,20130801,10:15:02,129.890000000,40
GAZP,0,20130801,10:15:03,129.810000000,1 200
GAZP,0,20130801,10:15:03,129.820000000,600
GAZP,0,20130801,10:15:04,129.820000000,610
GAZP,0,20130801,10:15:04,129.810000000,290
GAZP,0,20130801,10:15:04,129.810000000,200
GAZP,0,20130801,10:15:04,129.810000000,600
GAZP,0,20130801,10:15:05,129.810000000,600
GAZP,0,20130801,10:15:05,129.810000000,300
GAZP,0,20130801,10:15:05,129.810000000,1 650
GAZP,0,20130801,10:15:05,129.810000000,500
GAZP,0,20130801,10:15:05,129.810000000,500
GAZP,0,20130801,10:15:05,129.810000000,400
GAZP,0,20130801,10:15:05,129.810000000,630
GAZP,0,20130801,10:15:05,129.800000000,670
GAZP,0,20130801,10:15:06,129.830000000,50
GAZP,0,20130801,10:15:06,129.830000000,280
GAZP,0,20130801,10:15:08,129.800000000,10
GAZP,0,20130801,10:15:08,129.810000000,30
GAZP,0,20130801,10:15:12,129.820000000,40
GAZP,0,20130801,10:15:19,129.880000000,20
GAZP,0,20130801,10:15:19,129.890000000,160
GAZP,0,20130801,10:15:19,129.900000000,400
GAZP,0,20130801,10:15:19,129.910000000,110
GAZP,0,20130801,10:15:19,129.910000000,5 310
GAZP,0,20130801,10:15:21,129.880000000,10
GAZP,0,20130801,10:15:25,129.900000000,180
GAZP,0,20130801,10:15:25,129.900000000,10
GAZP,0,20130801,10:15:26,129.900000000,20
GAZP,0,20130801,10:15:29,129.850000000,300
GAZP,0,20130801,10:15:30,129.890000000,40
GAZP,0,20130801,10:15:32,129.850000000,10
GAZP,0,20130801,10:15:35,129.890000000,1 030
GAZP,0,20130801,10:15:37,129.900000000,30
GAZP,0,20130801,10:15:37,129.900000000,970
GAZP,0,20130801,10:15:37,129.900000000,10
GAZP,0,20130801,10:15:37,129.900000000,260
GAZP,0,20130801,10:15:37,129.900000000,1 270
GAZP,0,20130801,10:15:37,129.890000000,60
GAZP,0,20130801,10:15:37,129.890000000,50
GAZP,0,20130801,10:15:38,129.900000000,50
GAZP,0,20130801,10:15:38,129.900000000,10
GAZP,0,20130801,10:15:38,129.900000000,30
GAZP,0,20130801,10:15:38,129.910000000,10
GAZP,0,20130801,10:15:38,129.910000000,10
GAZP,0,20130801,10:15:38,129.920000000,910
GAZP,0,20130801,10:15:39,129.910000000,30
GAZP,0,20130801,10:15:39,129.910000000,270
GAZP,0,20130801,10:15:41,129.920000000,1 000
GAZP,0,20130801,10:15:42,129.920000000,50
GAZP,0,20130801,10:15:42,129.920000000,840
GAZP,0,20130801,10:15:42,129.920000000,300
GAZP,0,20130801,10:15:42,129.920000000,100
GAZP,0,20130801,10:15:42,129.930000000,10
GAZP,0,20130801,10:15:42,129.940000000,900
GAZP,0,20130801,10:15:42,129.940000000,10
GAZP,0,20130801,10:15:42,129.940000000,500
GAZP,0,20130801,10:15:42,129.940000000,130
GAZP,0,20130801,10:15:42,129.950000000,1 000
GAZP,0,20130801,10:15:42,129.950000000,200
GAZP,0,20130801,10:15:42,129.950000000,10
GAZP,0,20130801,10:15:42,129.950000000,10
GAZP,0,20130801,10:15:42,129.960000000,5 000
GAZP,0,20130801,10:15:42,129.960000000,3 000
GAZP,0,20130801,10:15:42,129.960000000,10
GAZP,0,20130801,10:15:42,129.960000000,100
GAZP,0,20130801,10:15:42,129.960000000,10
GAZP,0,20130801,10:15:42,129.960000000,300
GAZP,0,20130801,10:15:42,129.970000000,10 610
GAZP,0,20130801,10:15:45,129.920000000,50
GAZP,0,20130801,10:15:54,129.970000000,320
GAZP,0,20130801,10:16:00,129.930000000,10
GAZP,0,20130801,10:16:02,129.930000000,10
GAZP,0,20130801,10:16:03,129.930000000,10
GAZP,0,20130801,10:16:03,129.930000000,10
GAZP,0,20130801,10:16:12,129.930000000,300
GAZP,0,20130801,10:16:13,129.910000000,10
GAZP,0,20130801,10:16:14,129.910000000,10
GAZP,0,20130801,10:16:14,129.910000000,300
GAZP,0,20130801,10:16:14,129.910000000,10
GAZP,0,20130801,10:16:15,129.910000000,10
GAZP,0,20130801,10:16:24,129.940000000,50
GAZP,0,20130801,10:16:24,129.940000000,150
GAZP,0,20130801,10:16:25,129.950000000,100
GAZP,0,20130801,10:16:25,129.950000000,1 050
GAZP,0,20130801,10:16:29,129.930000000,10
GAZP,0,20130801,10:16:29,129.910000000,10
GAZP,0,20130801,10:16:30,129.940000000,300
GAZP,0,20130801,10:16:30,129.910000000,10
GAZP,0,20130801,10:16:31,129.910000000,10
GAZP,0,20130801,10:16:32,129.910000000,10
GAZP,0,20130801,10:16:32,129.910000000,400
GAZP,0,20130801,10:16:39,129.910000000,290
GAZP,0,20130801,10:16:39,129.910000000,10
GAZP,0,20130801,10:16:39,129.890000000,50
GAZP,0,20130801,10:16:39,129.860000000,90
GAZP,0,20130801,10:16:39,129.860000000,60
GAZP,0,20130801,10:16:49,129.920000000,10
GAZP,0,20130801,10:16:49,129.920000000,150
GAZP,0,20130801,10:16:49,129.920000000,140
GAZP,0,20130801,10:16:52,129.910000000,2 500
GAZP,0,20130801,10:16:53,129.910000000,1 190
GAZP,0,20130801,10:16:55,129.850000000,10
GAZP,0,20130801,10:16:55,129.850000000,10
GAZP,0,20130801,10:16:55,129.850000000,10
GAZP,0,20130801,10:16:55,129.910000000,310
GAZP,0,20130801,10:16:55,129.910000000,730
GAZP,0,20130801,10:16:56,129.850000000,10
GAZP,0,20130801,10:16:56,129.850000000,10
GAZP,0,20130801,10:16:57,129.850000000,10
GAZP,0,20130801,10:16:58,129.850000000,10
GAZP,0,20130801,10:16:59,129.850000000,10
GAZP,0,20130801,10:16:59,129.850000000,10
GAZP,0,20130801,10:17:00,129.830000000,10
GAZP,0,20130801,10:17:01,129.830000000,10
GAZP,0,20130801,10:17:01,129.830000000,10
GAZP,0,20130801,10:17:02,129.830000000,10
GAZP,0,20130801,10:17:03,129.830000000,10
GAZP,0,20130801,10:17:03,129.840000000,10
GAZP,0,20130801,10:17:04,129.840000000,10
GAZP,0,20130801,10:17:08,129.900000000,10
GAZP,0,20130801,10:17:08,129.900000000,30
GAZP,0,20130801,10:17:10,129.850000000,10
GAZP,0,20130801,10:17:10,129.830000000,10
GAZP,0,20130801,10:17:15,129.830000000,10
GAZP,0,20130801,10:17:27,129.830000000,1 500
GAZP,0,20130801,10:17:36,129.900000000,530
GAZP,0,20130801,10:17:36,129.900000000,500
GAZP,0,20130801,10:17:36,129.900000000,1 400
GAZP,0,20130801,10:17:40,129.880000000,1 400
GAZP,0,20130801,10:17:42,129.880000000,600
GAZP,0,20130801,10:17:42,129.880000000,210
GAZP,0,20130801,10:17:42,129.870000000,1 500
GAZP,0,20130801,10:17:42,129.860000000,140
GAZP,0,20130801,10:17:42,129.850000000,1 500
GAZP,0,20130801,10:17:42,129.840000000,1 500
GAZP,0,20130801,10:17:42,129.820000000,130
GAZP,0,20130801,10:17:42,129.820000000,700
GAZP,0,20130801,10:17:42,129.810000000,50
GAZP,0,20130801,10:17:42,129.810000000,10
GAZP,0,20130801,10:17:42,129.810000000,250
GAZP,0,20130801,10:17:42,129.800000000,10
GAZP,0,20130801,10:17:42,129.800000000,700
GAZP,0,20130801,10:17:42,129.800000000,400
GAZP,0,20130801,10:17:42,129.900000000,1 880
GAZP,0,20130801,10:18:02,129.900000000,120
GAZP,0,20130801,10:18:03,129.900000000,1 780
GAZP,0,20130801,10:18:06,129.880000000,540
GAZP,0,20130801,10:18:15,129.890000000,10
GAZP,0,20130801,10:18:16,129.890000000,10
GAZP,0,20130801,10:18:17,129.890000000,10
GAZP,0,20130801,10:18:18,129.880000000,10
GAZP,0,20130801,10:18:19,129.880000000,20
GAZP,0,20130801,10:18:25,129.890000000,10
GAZP,0,20130801,10:18:25,129.890000000,790
GAZP,0,20130801,10:18:29,129.880000000,10
GAZP,0,20130801,10:18:30,129.900000000,1 220
GAZP,0,20130801,10:18:30,129.900000000,100
GAZP,0,20130801,10:18:30,129.910000000,10
GAZP,0,20130801,10:18:30,129.910000000,1 000
GAZP,0,20130801,10:18:30,129.910000000,760
GAZP,0,20130801,10:18:30,129.880000000,10
GAZP,0,20130801,10:18:34,129.880000000,890
GAZP,0,20130801,10:18:34,129.880000000,1 500
GAZP,0,20130801,10:18:34,129.880000000,1 110
GAZP,0,20130801,10:18:37,129.910000000,240
GAZP,0,20130801,10:18:37,129.910000000,30
GAZP,0,20130801,10:18:55,129.910000000,70
GAZP,0,20130801,10:18:56,129.920000000,10
GAZP,0,20130801,10:18:56,129.920000000,150
GAZP,0,20130801,10:18:56,129.930000000,10
GAZP,0,20130801,10:18:56,129.930000000,50
GAZP,0,20130801,10:18:56,129.930000000,50
GAZP,0,20130801,10:18:56,129.940000000,10
GAZP,0,20130801,10:18:56,129.940000000,5 000
GAZP,0,20130801,10:18:56,129.940000000,70
GAZP,0,20130801,10:18:56,129.940000000,100
GAZP,0,20130801,10:18:56,129.950000000,450
GAZP,0,20130801,10:18:56,129.950000000,690
GAZP,0,20130801,10:18:56,129.950000000,10
GAZP,0,20130801,10:18:56,129.950000000,500
GAZP,0,20130801,10:18:56,129.950000000,20 000
GAZP,0,20130801,10:18:56,129.950000000,50
GAZP,0,20130801,10:18:56,129.950000000,1 720
GAZP,0,20130801,10:18:56,129.950000000,1 130
GAZP,0,20130801,10:18:56,129.910000000,330
GAZP,0,20130801,10:18:56,129.910000000,630
GAZP,0,20130801,10:18:56,129.910000000,1 770
GAZP,0,20130801,10:18:56,129.910000000,1 000
GAZP,0,20130801,10:18:56,129.900000000,1 270
GAZP,0,20130801,10:19:00,129.910000000,180
GAZP,0,20130801,10:19:02,129.910000000,10
GAZP,0,20130801,10:19:02,129.910000000,10
GAZP,0,20130801,10:19:03,129.950000000,100
GAZP,0,20130801,10:19:03,129.950000000,100
GAZP,0,20130801,10:19:06,129.950000000,800
GAZP,0,20130801,10:19:06,129.950000000,1 100
GAZP,0,20130801,10:19:13,129.960000000,10
GAZP,0,20130801,10:19:13,129.960000000,2 900
GAZP,0,20130801,10:19:19,129.960000000,670
GAZP,0,20130801,10:19:19,129.960000000,880
GAZP,0,20130801,10:19:28,129.970000000,1 710
GAZP,0,20130801,10:19:30,129.970000000,20
GAZP,0,20130801,10:19:32,129.920000000,510
GAZP,0,20130801,10:19:34,129.970000000,20
GAZP,0,20130801,10:19:39,129.970000000,100
GAZP,0,20130801,10:19:40,129.970000000,7 220
GAZP,0,20130801,10:19:40,129.970000000,10
GAZP,0,20130801,10:19:40,129.970000000,10
GAZP,0,20130801,10:19:40,129.970000000,10
GAZP,0,20130801,10:19:40,129.970000000,200
GAZP,0,20130801,10:19:40,129.970000000,1 500
GAZP,0,20130801,10:19:40,129.980000000,1 000
GAZP,0,20130801,10:19:40,129.980000000,100
GAZP,0,20130801,10:19:40,129.980000000,10
GAZP,0,20130801,10:19:40,129.980000000,10
GAZP,0,20130801,10:19:40,129.980000000,300
GAZP,0,20130801,10:19:40,129.980000000,2 300
GAZP,0,20130801,10:19:40,129.980000000,10
GAZP,0,20130801,10:19:40,129.980000000,200
GAZP,0,20130801,10:19:40,129.980000000,10
GAZP,0,20130801,10:19:40,129.980000000,1 000
GAZP,0,20130801,10:19:40,129.980000000,570
GAZP,0,20130801,10:19:40,129.980000000,640
GAZP,0,20130801,10:19:40,129.980000000,50
GAZP,0,20130801,10:19:40,129.990000000,90
GAZP,0,20130801,10:19:40,129.990000000,6 050
GAZP,0,20130801,10:19:40,129.990000000,10
GAZP,0,20130801,10:19:40,129.990000000,10
GAZP,0,20130801,10:19:40,129.990000000,10
GAZP,0,20130801,10:19:40,129.990000000,40
GAZP,0,20130801,10:19:40,129.990000000,10 000
GAZP,0,20130801,10:19:40,129.990000000,150
GAZP,0,20130801,10:19:40,129.990000000,10
GAZP,0,20130801,10:19:40,129.990000000,45 000
GAZP,0,20130801,10:19:40,129.990000000,50
GAZP,0,20130801,10:19:40,129.990000000,10
GAZP,0,20130801,10:19:40,129.990000000,300
GAZP,0,20130801,10:19:40,129.990000000,100
GAZP,0,20130801,10:19:40,129.990000000,400
GAZP,0,20130801,10:19:40,130.000000000,11 830
GAZP,0,20130801,10:19:40,130.000000000,10
GAZP,0,20130801,10:19:40,130.000000000,100
GAZP,0,20130801,10:19:40,130.000000000,15 000
GAZP,0,20130801,10:19:40,130.000000000,30 000
GAZP,0,20130801,10:19:40,130.000000000,40
GAZP,0,20130801,10:19:40,130.000000000,10
GAZP,0,20130801,10:19:40,130.000000000,100
GAZP,0,20130801,10:19:40,130.000000000,7 000
GAZP,0,20130801,10:19:40,130.000000000,10
GAZP,0,20130801,10:19:40,130.000000000,11 430
GAZP,0,20130801,10:19:40,130.000000000,8 000
GAZP,0,20130801,10:19:40,130.000000000,500
GAZP,0,20130801,10:19:40,130.000000000,310
GAZP,0,20130801,10:19:40,130.000000000,5 000
GAZP,0,20130801,10:19:40,130.000000000,100
GAZP,0,20130801,10:19:40,130.000000000,1 000
GAZP,0,20130801,10:19:40,130.000000000,10
GAZP,0,20130801,10:19:40,130.000000000,1 540
GAZP,0,20130801,10:19:40,130.000000000,10
GAZP,0,20130801,10:19:40,130.000000000,20 000
GAZP,0,20130801,10:19:40,130.000000000,100
GAZP,0,20130801,10:19:40,130.000000000,2 210
GAZP,0,20130801,10:19:40,130.000000000,100
GAZP,0,20130801,10:19:40,130.000000000,200
GAZP,0,20130801,10:19:40,130.000000000,900
GAZP,0,20130801,10:19:40,130.000000000,1 430
GAZP,0,20130801,10:19:40,130.000000000,10 000
GAZP,0,20130801,10:19:40,130.000000000,10
GAZP,0,20130801,10:19:40,130.000000000,500
GAZP,0,20130801,10:19:40,130.000000000,1 000
GAZP,0,20130801,10:19:40,130.000000000,1 160
GAZP,0,20130801,10:19:40,130.000000000,400
GAZP,0,20130801,10:19:40,130.000000000,400
GAZP,0,20130801,10:19:40,130.010000000,50
GAZP,0,20130801,10:19:40,130.010000000,10
GAZP,0,20130801,10:19:40,130.010000000,10
GAZP,0,20130801,10:19:40,130.010000000,10
GAZP,0,20130801,10:19:40,130.010000000,1 140
GAZP,0,20130801,10:19:40,130.020000000,10
GAZP,0,20130801,10:19:40,130.020000000,50
GAZP,0,20130801,10:19:40,130.020000000,60
GAZP,0,20130801,10:19:40,130.020000000,10
GAZP,0,20130801,10:19:40,130.020000000,1 500
GAZP,0,20130801,10:19:40,130.030000000,10
GAZP,0,20130801,10:19:40,130.030000000,100
GAZP,0,20130801,10:19:40,130.030000000,760
GAZP,0,20130801,10:19:41,130.000000000,470
GAZP,0,20130801,10:19:41,130.000000000,50
GAZP,0,20130801,10:19:41,130.030000000,3 850
GAZP,0,20130801,10:19:42,130.030000000,1 000
GAZP,0,20130801,10:19:50,130.030000000,1 800
GAZP,0,20130801,10:19:53,130.030000000,1 220
GAZP,0,20130801,10:19:53,130.030000000,10
GAZP,0,20130801,10:19:53,130.040000000,250
GAZP,0,20130801,10:19:55,130.040000000,750
GAZP,0,20130801,10:19:55,130.040000000,10
GAZP,0,20130801,10:19:55,130.040000000,30
GAZP,0,20130801,10:19:55,130.040000000,10
GAZP,0,20130801,10:19:55,130.040000000,10
GAZP,0,20130801,10:19:55,130.040000000,300
GAZP,0,20130801,10:19:55,130.050000000,38 300
GAZP,0,20130801,10:19:55,130.050000000,100
