<TICKER>,<PER>,<DATE>,<TIME>,<LAST>,<VOL>
NASDAQ100,0,20130802,09:31:07,3 125.300000000,0
NASDAQ100,0,20130802,09:32:08,3 122.860000000,806 906
NASDAQ100,0,20130802,09:33:09,3 123.920000000,637 360
NASDAQ100,0,20130802,09:34:10,3 124.090000000,421 928
NASDAQ100,0,20130802,09:35:11,3 125.180000000,681 585
NASDAQ100,0,20130802,09:36:12,3 124.250000000,704 233
NASDAQ100,0,20130802,09:37:13,3 124.270000000,490 547
NASDAQ100,0,20130802,09:38:14,3 122.740000000,671 515
NASDAQ100,0,20130802,09:39:15,3 122.520000000,495 530
NASDAQ100,0,20130802,09:40:16,3 122.380000000,549 658
NASDAQ100,0,20130802,09:41:17,3 122.610000000,489 552
NASDAQ100,0,20130802,09:42:18,3 121.850000000,643 516
NASDAQ100,0,20130802,09:43:19,3 121.720000000,533 996
NASDAQ100,0,20130802,09:44:20,3 121.680000000,549 677
NASDAQ100,0,20130802,09:45:21,3 120.970000000,578 885
NASDAQ100,0,20130802,09:46:22,3 120.340000000,517 257
NASDAQ100,0,20130802,09:47:23,3 119.340000000,410 058
NASDAQ100,0,20130802,09:48:24,3 119.540000000,717 056
NASDAQ100,0,20130802,09:49:25,3 118.640000000,715 836
NASDAQ100,0,20130802,09:50:26,3 118.680000000,444 522
NASDAQ100,0,20130802,09:51:27,3 119.620000000,511 157
NASDAQ100,0,20130802,09:52:28,3 121.580000000,487 278
NASDAQ100,0,20130802,09:53:29,3 120.770000000,515 782
NASDAQ100,0,20130802,09:54:30,3 121.000000000,295 716
NASDAQ100,0,20130802,09:55:31,3 122.250000000,635 362
NASDAQ100,0,20130802,09:56:32,3 122.420000000,542 602
NASDAQ100,0,20130802,09:57:33,3 122.640000000,382 795
NASDAQ100,0,20130802,09:58:34,3 121.130000000,539 301
NASDAQ100,0,20130802,09:59:35,3 121.540000000,250 264
NASDAQ100,0,20130802,10:00:36,3 122.540000000,437 208
NASDAQ100,0,20130802,10:01:37,3 121.550000000,451 385
NASDAQ100,0,20130802,10:02:38,3 121.030000000,500 790
NASDAQ100,0,20130802,10:03:39,3 121.140000000,464 641
NASDAQ100,0,20130802,10:04:40,3 121.870000000,383 308
NASDAQ100,0,20130802,10:05:41,3 121.200000000,331 718
NASDAQ100,0,20130802,10:06:42,3 121.030000000,374 641
NASDAQ100,0,20130802,10:07:43,3 122.370000000,309 868
NASDAQ100,0,20130802,10:08:44,3 122.850000000,433 244
NASDAQ100,0,20130802,10:09:45,3 123.600000000,334 951
NASDAQ100,0,20130802,10:10:46,3 124.350000000,366 566
NASDAQ100,0,20130802,10:11:47,3 124.710000000,284 949
NASDAQ100,0,20130802,10:12:48,3 125.860000000,509 740
NASDAQ100,0,20130802,10:13:49,3 126.410000000,442 693
NASDAQ100,0,20130802,10:14:50,3 126.110000000,325 144
NASDAQ100,0,20130802,10:15:51,3 125.870000000,504 347
NASDAQ100,0,20130802,10:16:52,3 125.290000000,317 893
NASDAQ100,0,20130802,10:17:53,3 126.550000000,288 584
NASDAQ100,0,20130802,10:18:54,3 126.390000000,357 402
NASDAQ100,0,20130802,10:19:55,3 126.300000000,404 372
NASDAQ100,0,20130802,10:20:56,3 126.120000000,436 433
NASDAQ100,0,20130802,10:21:57,3 126.260000000,471 577
NASDAQ100,0,20130802,10:22:58,3 127.070000000,364 904
NASDAQ100,0,20130802,10:23:59,3 126.160000000,344 680
NASDAQ100,0,20130802,10:25:00,3 126.770000000,414 537
NASDAQ100,0,20130802,10:26:01,3 125.750000000,522 499
NASDAQ100,0,20130802,10:27:02,3 125.720000000,409 819
NASDAQ100,0,20130802,10:28:03,3 126.910000000,540 315
NASDAQ100,0,20130802,10:29:04,3 128.600000000,707 183
NASDAQ100,0,20130802,10:30:05,3 129.190000000,522 664
NASDAQ100,0,20130802,10:31:06,3 129.590000000,574 626
NASDAQ100,0,20130802,10:32:07,3 129.220000000,530 300
NASDAQ100,0,20130802,10:33:08,3 129.480000000,371 007
NASDAQ100,0,20130802,10:34:09,3 129.700000000,504 347
NASDAQ100,0,20130802,10:35:10,3 129.520000000,331 152
NASDAQ100,0,20130802,10:36:11,3 130.360000000,310 301
NASDAQ100,0,20130802,10:37:12,3 128.900000000,380 409
NASDAQ100,0,20130802,10:38:13,3 128.610000000,345 563
NASDAQ100,0,20130802,10:39:14,3 128.570000000,338 714
NASDAQ100,0,20130802,10:40:15,3 128.050000000,218 939
NASDAQ100,0,20130802,10:41:16,3 127.770000000,238 555
NASDAQ100,0,20130802,10:42:17,3 127.440000000,315 126
NASDAQ100,0,20130802,10:43:18,3 128.050000000,223 090
NASDAQ100,0,20130802,10:44:19,3 128.520000000,364 821
NASDAQ100,0,20130802,10:45:20,3 128.410000000,467 487
NASDAQ100,0,20130802,10:46:21,3 128.410000000,278 497
NASDAQ100,0,20130802,10:47:22,3 127.510000000,404 206
NASDAQ100,0,20130802,10:48:23,3 126.690000000,315 733
NASDAQ100,0,20130802,10:49:24,3 126.760000000,368 253
NASDAQ100,0,20130802,10:50:25,3 127.360000000,238 036
NASDAQ100,0,20130802,10:51:26,3 127.190000000,387 322
NASDAQ100,0,20130802,10:52:27,3 127.390000000,261 582
NASDAQ100,0,20130802,10:53:28,3 126.270000000,524 346
NASDAQ100,0,20130802,10:54:29,3 126.090000000,257 596
NASDAQ100,0,20130802,10:55:30,3 126.630000000,259 844
NASDAQ100,0,20130802,10:56:31,3 125.750000000,217 685
NASDAQ100,0,20130802,10:57:32,3 125.190000000,288 879
NASDAQ100,0,20130802,10:58:33,3 124.800000000,294 393
NASDAQ100,0,20130802,10:59:34,3 123.710000000,289 558
NASDAQ100,0,20130802,11:00:35,3 124.240000000,282 070
NASDAQ100,0,20130802,11:01:36,3 123.730000000,426 822
NASDAQ100,0,20130802,11:02:37,3 123.800000000,302 862
NASDAQ100,0,20130802,11:03:38,3 123.510000000,248 979
NASDAQ100,0,20130802,11:04:39,3 123.140000000,220 849
NASDAQ100,0,20130802,11:05:40,3 123.010000000,320 527
NASDAQ100,0,20130802,11:06:41,3 123.210000000,314 101
NASDAQ100,0,20130802,11:07:42,3 123.520000000,192 233
NASDAQ100,0,20130802,11:08:43,3 122.910000000,208 671
NASDAQ100,0,20130802,11:09:44,3 123.000000000,284 543
NASDAQ100,0,20130802,11:10:45,3 123.060000000,184 988
NASDAQ100,0,20130802,11:11:46,3 123.450000000,196 425
NASDAQ100,0,20130802,11:12:47,3 123.040000000,209 369
NASDAQ100,0,20130802,11:13:48,3 123.380000000,283 750
NASDAQ100,0,20130802,11:14:49,3 123.350000000,225 358
NASDAQ100,0,20130802,11:15:50,3 123.580000000,272 676
NASDAQ100,0,20130802,11:16:51,3 123.350000000,181 292
NASDAQ100,0,20130802,11:17:52,3 124.190000000,210 735
NASDAQ100,0,20130802,11:18:53,3 124.580000000,196 195
NASDAQ100,0,20130802,11:19:54,3 125.670000000,217 436
NASDAQ100,0,20130802,11:20:55,3 126.170000000,203 007
NASDAQ100,0,20130802,11:21:56,3 125.970000000,212 983
NASDAQ100,0,20130802,11:22:57,3 126.380000000,369 589
NASDAQ100,0,20130802,11:23:58,3 126.450000000,285 223
NASDAQ100,0,20130802,11:24:59,3 126.320000000,738 547
NASDAQ100,0,20130802,11:26:00,3 126.210000000,216 798
NASDAQ100,0,20130802,11:27:01,3 127.450000000,366 335
NASDAQ100,0,20130802,11:28:02,3 126.870000000,344 642
NASDAQ100,0,20130802,11:29:03,3 126.910000000,301 832
NASDAQ100,0,20130802,11:30:04,3 127.540000000,316 694
NASDAQ100,0,20130802,11:31:05,3 128.210000000,261 439
NASDAQ100,0,20130802,11:32:06,3 127.950000000,268 727
NASDAQ100,0,20130802,11:33:07,3 128.210000000,242 286
NASDAQ100,0,20130802,11:34:08,3 128.200000000,520 415
NASDAQ100,0,20130802,11:35:09,3 127.880000000,325 327
NASDAQ100,0,20130802,11:36:10,3 127.860000000,185 648
NASDAQ100,0,20130802,11:37:11,3 128.170000000,270 930
NASDAQ100,0,20130802,11:38:12,3 128.010000000,227 644
NASDAQ100,0,20130802,11:39:13,3 128.240000000,192 302
NASDAQ100,0,20130802,11:40:14,3 127.890000000,233 286
NASDAQ100,0,20130802,11:41:15,3 127.780000000,143 310
NASDAQ100,0,20130802,11:42:16,3 128.300000000,182 184
NASDAQ100,0,20130802,11:43:17,3 128.330000000,164 320
NASDAQ100,0,20130802,11:44:18,3 127.490000000,278 507
NASDAQ100,0,20130802,11:45:19,3 127.670000000,191 641
NASDAQ100,0,20130802,11:46:20,3 127.510000000,164 125
NASDAQ100,0,20130802,11:47:21,3 127.790000000,233 226
NASDAQ100,0,20130802,11:48:22,3 127.540000000,170 044
NASDAQ100,0,20130802,11:49:23,3 127.300000000,139 602
NASDAQ100,0,20130802,11:50:24,3 127.200000000,243 299
NASDAQ100,0,20130802,11:51:25,3 126.620000000,248 782
NASDAQ100,0,20130802,11:52:26,3 126.700000000,160 491
NASDAQ100,0,20130802,11:53:27,3 126.880000000,168 025
NASDAQ100,0,20130802,11:54:28,3 127.410000000,161 304
NASDAQ100,0,20130802,11:55:29,3 126.690000000,216 129
NASDAQ100,0,20130802,11:56:30,3 127.810000000,127 536
NASDAQ100,0,20130802,11:57:31,3 127.910000000,220 005
NASDAQ100,0,20130802,11:58:32,3 127.810000000,232 157
NASDAQ100,0,20130802,11:59:33,3 128.100000000,230 428
NASDAQ100,0,20130802,12:00:34,3 128.080000000,174 297
NASDAQ100,0,20130802,12:01:35,3 128.630000000,226 094
NASDAQ100,0,20130802,12:02:36,3 129.220000000,292 386
NASDAQ100,0,20130802,12:03:37,3 129.010000000,272 244
NASDAQ100,0,20130802,12:04:38,3 129.510000000,170 394
NASDAQ100,0,20130802,12:05:39,3 128.640000000,365 761
NASDAQ100,0,20130802,12:06:40,3 128.770000000,396 995
NASDAQ100,0,20130802,12:07:41,3 128.820000000,149 823
NASDAQ100,0,20130802,12:08:42,3 128.730000000,233 072
NASDAQ100,0,20130802,12:09:43,3 129.120000000,339 935
NASDAQ100,0,20130802,12:10:44,3 129.000000000,485 251
NASDAQ100,0,20130802,12:11:45,3 128.690000000,171 987
NASDAQ100,0,20130802,12:12:46,3 128.910000000,185 558
NASDAQ100,0,20130802,12:13:47,3 129.000000000,178 466
NASDAQ100,0,20130802,12:14:48,3 128.870000000,282 593
NASDAQ100,0,20130802,12:15:49,3 128.700000000,114 627
NASDAQ100,0,20130802,12:16:50,3 129.030000000,142 225
NASDAQ100,0,20130802,12:17:51,3 129.270000000,162 319
NASDAQ100,0,20130802,12:18:52,3 128.970000000,111 071
NASDAQ100,0,20130802,12:19:53,3 128.780000000,149 479
NASDAQ100,0,20130802,12:20:54,3 128.880000000,125 707
NASDAQ100,0,20130802,12:21:55,3 129.790000000,261 455
NASDAQ100,0,20130802,12:22:56,3 130.080000000,164 477
NASDAQ100,0,20130802,12:23:57,3 130.110000000,145 064
NASDAQ100,0,20130802,12:24:58,3 129.630000000,138 584
NASDAQ100,0,20130802,12:25:59,3 128.910000000,198 449
NASDAQ100,0,20130802,12:27:00,3 128.650000000,106 320
NASDAQ100,0,20130802,12:28:01,3 128.420000000,93 149
NASDAQ100,0,20130802,12:29:02,3 128.850000000,130 801
NASDAQ100,0,20130802,12:30:03,3 129.790000000,158 535
NASDAQ100,0,20130802,12:31:04,3 129.450000000,195 393
NASDAQ100,0,20130802,12:32:05,3 129.660000000,230 065
NASDAQ100,0,20130802,12:33:06,3 129.870000000,258 654
NASDAQ100,0,20130802,12:34:07,3 131.070000000,295 043
NASDAQ100,0,20130802,12:35:08,3 131.280000000,180 074
NASDAQ100,0,20130802,12:36:09,3 130.890000000,179 182
NASDAQ100,0,20130802,12:37:10,3 130.810000000,248 416
NASDAQ100,0,20130802,12:38:11,3 131.000000000,104 167
NASDAQ100,0,20130802,12:39:12,3 130.670000000,164 028
NASDAQ100,0,20130802,12:40:13,3 130.290000000,86 949
NASDAQ100,0,20130802,12:41:14,3 130.620000000,158 201
NASDAQ100,0,20130802,12:42:15,3 130.420000000,284 263
NASDAQ100,0,20130802,12:43:16,3 130.550000000,148 312
NASDAQ100,0,20130802,12:44:17,3 130.930000000,142 352
NASDAQ100,0,20130802,12:45:18,3 130.910000000,180 598
NASDAQ100,0,20130802,12:46:19,3 130.840000000,236 541
NASDAQ100,0,20130802,12:47:20,3 131.050000000,126 674
NASDAQ100,0,20130802,12:48:21,3 131.090000000,212 437
NASDAQ100,0,20130802,12:49:22,3 130.800000000,154 450
NASDAQ100,0,20130802,12:50:23,3 132.120000000,268 298
NASDAQ100,0,20130802,12:51:24,3 131.640000000,136 285
NASDAQ100,0,20130802,12:52:25,3 131.820000000,118 151
NASDAQ100,0,20130802,12:53:26,3 131.970000000,151 308
NASDAQ100,0,20130802,12:54:27,3 131.850000000,154 586
NASDAQ100,0,20130802,12:55:28,3 131.980000000,535 098
NASDAQ100,0,20130802,12:56:29,3 131.700000000,284 541
NASDAQ100,0,20130802,12:57:30,3 131.660000000,138 747
NASDAQ100,0,20130802,12:58:31,3 132.100000000,139 728
NASDAQ100,0,20130802,12:59:32,3 132.140000000,117 111
NASDAQ100,0,20130802,13:00:33,3 131.920000000,178 648
NASDAQ100,0,20130802,13:01:34,3 131.720000000,151 832
NASDAQ100,0,20130802,13:02:35,3 131.800000000,154 761
NASDAQ100,0,20130802,13:03:36,3 131.340000000,155 693
NASDAQ100,0,20130802,13:04:37,3 131.130000000,136 451
NASDAQ100,0,20130802,13:05:38,3 131.510000000,159 369
NASDAQ100,0,20130802,13:06:39,3 131.420000000,132 808
NASDAQ100,0,20130802,13:07:40,3 131.000000000,153 512
NASDAQ100,0,20130802,13:08:41,3 130.740000000,104 344
NASDAQ100,0,20130802,13:09:42,3 131.270000000,117 733
NASDAQ100,0,20130802,13:10:43,3 131.140000000,136 507
NASDAQ100,0,20130802,13:11:44,3 131.160000000,195 600
NASDAQ100,0,20130802,13:12:45,3 132.040000000,253 598
NASDAQ100,0,20130802,13:13:46,3 132.280000000,194 247
NASDAQ100,0,20130802,13:14:47,3 132.440000000,164 095
NASDAQ100,0,20130802,13:15:48,3 132.920000000,123 250
NASDAQ100,0,20130802,13:16:49,3 133.450000000,253 303
NASDAQ100,0,20130802,13:17:50,3 134.880000000,385 990
NASDAQ100,0,20130802,13:18:51,3 134.900000000,135 686
NASDAQ100,0,20130802,13:19:52,3 134.890000000,262 498
NASDAQ100,0,20130802,13:20:53,3 134.670000000,132 905
NASDAQ100,0,20130802,13:21:54,3 134.700000000,633 133
NASDAQ100,0,20130802,13:22:55,3 135.070000000,149 122
NASDAQ100,0,20130802,13:23:56,3 135.240000000,179 019
NASDAQ100,0,20130802,13:24:57,3 135.500000000,236 095
NASDAQ100,0,20130802,13:25:58,3 135.690000000,213 981
NASDAQ100,0,20130802,13:26:59,3 135.350000000,270 895
NASDAQ100,0,20130802,13:28:00,3 135.260000000,99 542
NASDAQ100,0,20130802,13:29:01,3 135.130000000,251 718
NASDAQ100,0,20130802,13:30:02,3 134.170000000,307 613
NASDAQ100,0,20130802,13:31:03,3 134.230000000,220 432
NASDAQ100,0,20130802,13:32:04,3 134.130000000,191 736
NASDAQ100,0,20130802,13:33:05,3 133.600000000,261 381
NASDAQ100,0,20130802,13:34:06,3 134.010000000,322 288
NASDAQ100,0,20130802,13:35:07,3 133.740000000,196 983
NASDAQ100,0,20130802,13:36:08,3 133.370000000,131 577
NASDAQ100,0,20130802,13:37:09,3 133.330000000,146 214
NASDAQ100,0,20130802,13:38:10,3 132.340000000,218 995
NASDAQ100,0,20130802,13:39:11,3 132.130000000,233 086
NASDAQ100,0,20130802,13:40:12,3 131.620000000,199 688
NASDAQ100,0,20130802,13:41:13,3 131.020000000,186 219
NASDAQ100,0,20130802,13:42:14,3 131.810000000,173 396
NASDAQ100,0,20130802,13:43:15,3 132.540000000,203 179
NASDAQ100,0,20130802,13:44:16,3 132.310000000,153 877
NASDAQ100,0,20130802,13:45:17,3 131.970000000,239 334
NASDAQ100,0,20130802,13:46:18,3 132.850000000,130 851
NASDAQ100,0,20130802,13:47:19,3 132.600000000,163 603
NASDAQ100,0,20130802,13:48:20,3 132.810000000,134 673
NASDAQ100,0,20130802,13:49:21,3 132.830000000,297 382
NASDAQ100,0,20130802,13:50:22,3 133.020000000,396 406
NASDAQ100,0,20130802,13:51:23,3 133.430000000,245 111
NASDAQ100,0,20130802,13:52:24,3 133.110000000,181 419
NASDAQ100,0,20130802,13:53:25,3 132.980000000,128 200
NASDAQ100,0,20130802,13:54:26,3 132.860000000,236 342
NASDAQ100,0,20130802,13:55:27,3 132.670000000,85 455
NASDAQ100,0,20130802,13:56:28,3 133.060000000,194 853
NASDAQ100,0,20130802,13:57:29,3 133.220000000,95 500
NASDAQ100,0,20130802,13:58:30,3 132.920000000,203 405
NASDAQ100,0,20130802,13:59:31,3 132.870000000,102 458
NASDAQ100,0,20130802,14:00:32,3 133.140000000,172 088
NASDAQ100,0,20130802,14:01:33,3 133.570000000,227 482
NASDAQ100,0,20130802,14:02:34,3 133.300000000,212 536
NASDAQ100,0,20130802,14:03:35,3 133.770000000,149 141
NASDAQ100,0,20130802,14:04:36,3 133.700000000,202 387
NASDAQ100,0,20130802,14:05:37,3 133.240000000,172 672
NASDAQ100,0,20130802,14:06:38,3 133.190000000,245 100
NASDAQ100,0,20130802,14:07:39,3 132.900000000,142 434
NASDAQ100,0,20130802,14:08:40,3 132.980000000,206 241
NASDAQ100,0,20130802,14:09:41,3 133.510000000,193 535
NASDAQ100,0,20130802,14:10:42,3 133.610000000,135 925
NASDAQ100,0,20130802,14:11:43,3 132.960000000,213 073
NASDAQ100,0,20130802,14:12:44,3 133.110000000,113 172
NASDAQ100,0,20130802,14:13:45,3 133.190000000,267 812
NASDAQ100,0,20130802,14:14:46,3 133.660000000,149 478
NASDAQ100,0,20130802,14:15:47,3 134.150000000,187 350
NASDAQ100,0,20130802,14:16:48,3 134.150000000,231 137
NASDAQ100,0,20130802,14:17:49,3 134.290000000,211 830
NASDAQ100,0,20130802,14:18:50,3 134.740000000,222 613
NASDAQ100,0,20130802,14:19:51,3 134.320000000,147 030
NASDAQ100,0,20130802,14:20:52,3 133.510000000,250 636
NASDAQ100,0,20130802,14:21:53,3 133.660000000,154 954
NASDAQ100,0,20130802,14:22:54,3 133.310000000,108 676
NASDAQ100,0,20130802,14:23:55,3 133.290000000,187 411
NASDAQ100,0,20130802,14:24:56,3 133.650000000,233 177
NASDAQ100,0,20130802,14:25:57,3 133.640000000,234 150
NASDAQ100,0,20130802,14:26:58,3 133.690000000,173 333
NASDAQ100,0,20130802,14:27:59,3 133.210000000,177 863
NASDAQ100,0,20130802,14:29:00,3 133.540000000,154 149
NASDAQ100,0,20130802,14:30:01,3 133.980000000,232 690
NASDAQ100,0,20130802,14:31:02,3 133.430000000,213 104
NASDAQ100,0,20130802,14:32:03,3 133.150000000,199 589
NASDAQ100,0,20130802,14:33:04,3 133.020000000,170 350
NASDAQ100,0,20130802,14:34:05,3 133.140000000,134 698
NASDAQ100,0,20130802,14:35:06,3 133.510000000,183 556
NASDAQ100,0,20130802,14:36:07,3 132.250000000,313 112
NASDAQ100,0,20130802,14:37:08,3 133.540000000,316 018
NASDAQ100,0,20130802,14:38:09,3 134.310000000,231 555
NASDAQ100,0,20130802,14:39:10,3 134.600000000,216 356
NASDAQ100,0,20130802,14:40:11,3 134.660000000,321 676
NASDAQ100,0,20130802,14:41:12,3 134.990000000,134 099
NASDAQ100,0,20130802,14:42:13,3 135.730000000,229 344
NASDAQ100,0,20130802,14:43:14,3 135.840000000,206 183
NASDAQ100,0,20130802,14:44:15,3 135.690000000,119 461
NASDAQ100,0,20130802,14:45:16,3 135.360000000,149 456
NASDAQ100,0,20130802,14:46:17,3 134.540000000,198 259
NASDAQ100,0,20130802,14:47:18,3 134.620000000,129 987
NASDAQ100,0,20130802,14:48:19,3 134.190000000,183 991
NASDAQ100,0,20130802,14:49:20,3 134.470000000,160 509
NASDAQ100,0,20130802,14:50:21,3 133.990000000,120 562
NASDAQ100,0,20130802,14:51:22,3 134.010000000,139 713
NASDAQ100,0,20130802,14:52:23,3 134.750000000,182 410
NASDAQ100,0,20130802,14:53:24,3 134.440000000,190 440
NASDAQ100,0,20130802,14:54:25,3 133.950000000,246 581
NASDAQ100,0,20130802,14:55:26,3 134.480000000,184 244
NASDAQ100,0,20130802,14:56:27,3 135.230000000,269 138
NASDAQ100,0,20130802,14:57:28,3 135.320000000,205 540
NASDAQ100,0,20130802,14:58:29,3 135.090000000,233 826
NASDAQ100,0,20130802,14:59:30,3 135.160000000,405 365
NASDAQ100,0,20130802,15:00:31,3 135.470000000,184 931
NASDAQ100,0,20130802,15:01:32,3 135.730000000,244 201
NASDAQ100,0,20130802,15:02:33,3 135.790000000,217 534
NASDAQ100,0,20130802,15:03:34,3 136.660000000,326 156
NASDAQ100,0,20130802,15:04:35,3 136.510000000,197 151
NASDAQ100,0,20130802,15:05:36,3 136.120000000,217 813
NASDAQ100,0,20130802,15:06:37,3 137.000000000,208 226
NASDAQ100,0,20130802,15:07:38,3 136.730000000,235 372
NASDAQ100,0,20130802,15:08:39,3 135.730000000,301 024
NASDAQ100,0,20130802,15:09:40,3 135.830000000,307 221
NASDAQ100,0,20130802,15:10:41,3 135.890000000,220 765
NASDAQ100,0,20130802,15:11:42,3 136.200000000,150 582
NASDAQ100,0,20130802,15:12:43,3 136.700000000,228 337
NASDAQ100,0,20130802,15:13:44,3 137.410000000,184 146
NASDAQ100,0,20130802,15:14:45,3 136.810000000,267 212
NASDAQ100,0,20130802,15:15:46,3 137.130000000,298 742
NASDAQ100,0,20130802,15:16:47,3 137.410000000,270 012
NASDAQ100,0,20130802,15:17:48,3 137.390000000,304 581
NASDAQ100,0,20130802,15:18:49,3 137.240000000,273 083
NASDAQ100,0,20130802,15:19:50,3 137.260000000,195 074
NASDAQ100,0,20130802,15:20:51,3 137.390000000,318 195
NASDAQ100,0,20130802,15:21:52,3 137.190000000,294 304
NASDAQ100,0,20130802,15:22:53,3 137.520000000,255 100
NASDAQ100,0,20130802,15:23:54,3 137.680000000,166 965
NASDAQ100,0,20130802,15:24:55,3 137.560000000,191 445
NASDAQ100,0,20130802,15:25:56,3 137.470000000,287 456
NASDAQ100,0,20130802,15:26:57,3 137.550000000,333 677
NASDAQ100,0,20130802,15:27:58,3 137.720000000,170 717
NASDAQ100,0,20130802,15:28:59,3 138.040000000,274 267
NASDAQ100,0,20130802,15:30:00,3 138.030000000,181 067
NASDAQ100,0,20130802,15:31:01,3 137.590000000,264 027
NASDAQ100,0,20130802,15:32:02,3 137.750000000,406 795
NASDAQ100,0,20130802,15:33:03,3 138.140000000,165 804
NASDAQ100,0,20130802,15:34:04,3 137.790000000,289 555
NASDAQ100,0,20130802,15:35:05,3 137.800000000,343 182
NASDAQ100,0,20130802,15:36:06,3 138.190000000,430 055
NASDAQ100,0,20130802,15:37:07,3 137.570000000,283 141
NASDAQ100,0,20130802,15:38:08,3 137.150000000,338 538
NASDAQ100,0,20130802,15:39:09,3 138.020000000,281 570
NASDAQ100,0,20130802,15:40:10,3 138.080000000,329 019
NASDAQ100,0,20130802,15:41:11,3 138.180000000,352 700
NASDAQ100,0,20130802,15:42:12,3 138.210000000,320 094
NASDAQ100,0,20130802,15:43:13,3 137.910000000,413 671
NASDAQ100,0,20130802,15:44:14,3 137.690000000,267 671
NASDAQ100,0,20130802,15:45:15,3 137.570000000,462 509
NASDAQ100,0,20130802,15:46:16,3 139.580000000,802 482
NASDAQ100,0,20130802,15:47:17,3 139.600000000,482 915
NASDAQ100,0,20130802,15:48:18,3 139.470000000,898 547
NASDAQ100,0,20130802,15:49:19,3 139.700000000,488 409
NASDAQ100,0,20130802,15:50:20,3 141.840000000,2 140 288
NASDAQ100,0,20130802,15:51:21,3 141.690000000,804 961
NASDAQ100,0,20130802,15:52:22,3 140.850000000,734 563
NASDAQ100,0,20130802,15:53:23,3 140.390000000,706 203
NASDAQ100,0,20130802,15:54:24,3 140.890000000,877 498
NASDAQ100,0,20130802,15:55:25,3 141.670000000,942 947
NASDAQ100,0,20130802,15:56:26,3 141.480000000,947 408
NASDAQ100,0,20130802,15:57:27,3 141.830000000,1 326 276
NASDAQ100,0,20130802,15:58:28,3 141.720000000,1 106 707
NASDAQ100,0,20130802,15:59:29,3 141.160000000,2 462 465
NASDAQ100,0,20130802,16:00:30,3 143.520000000,29 247 275
NASDAQ100,0,20130802,16:01:31,3 143.520000000,110 348
NASDAQ100,0,20130802,16:02:32,3 143.520000000,63 056
NASDAQ100,0,20130802,16:03:33,3 143.520000000,5 000
NASDAQ100,0,20130802,16:04:34,3 143.520000000,19 340
NASDAQ100,0,20130802,16:05:35,3 143.520000000,3 267
NASDAQ100,0,20130802,16:06:36,3 143.520000000,4 718
NASDAQ100,0,20130802,16:07:37,3 143.520000000,16 465
NASDAQ100,0,20130802,16:08:38,3 143.520000000,7 749
NASDAQ100,0,20130802,16:09:39,3 143.520000000,7 898
NASDAQ100,0,20130802,16:10:40,3 143.520000000,1 720
NASDAQ100,0,20130802,16:11:41,3 143.520000000,7 920
NASDAQ100,0,20130802,16:12:42,3 143.520000000,800
NASDAQ100,0,20130802,16:13:43,3 143.520000000,1 615
NASDAQ100,0,20130802,16:14:44,3 143.520000000,7 105
NASDAQ100,0,20130802,16:15:45,3 143.520000000,10 446
NASDAQ100,0,20130802,16:16:46,3 143.520000000,9 958
NASDAQ100,0,20130802,16:17:47,3 143.520000000,5 898
NASDAQ100,0,20130802,16:18:48,3 143.520000000,6 600
NASDAQ100,0,20130802,16:19:49,3 143.520000000,10 200
NASDAQ100,0,20130802,16:20:50,3 143.520000000,3 323
