<TICKER>,<PER>,<DATE>,<TIME>,<LAST>,<VOL>
RUBON=MCX,0,20130802,10:00:05,33.076000000,125 000
RUBON=MCX,0,20130802,10:00:05,33.076500000,272 000
RUBON=MCX,0,20130802,10:00:05,33.076500000,328 000
RUBON=MCX,0,20130802,10:00:05,33.070000000,180 000
RUBON=MCX,0,20130802,10:00:08,33.055000000,1 000
RUBON=MCX,0,20130802,10:00:09,33.055000000,499 000
RUBON=MCX,0,20130802,10:00:14,33.059500000,70 000
RUBON=MCX,0,20130802,10:00:14,33.060000000,128 000
RUBON=MCX,0,20130802,10:00:17,33.056500000,60 000
RUBON=MCX,0,20130802,10:00:25,33.058500000,200 000
RUBON=MCX,0,20130802,10:00:29,33.057000000,143 000
RUBON=MCX,0,20130802,10:00:29,33.059500000,500 000
RUBON=MCX,0,20130802,10:00:29,33.059500000,357 000
RUBON=MCX,0,20130802,10:00:37,33.060000000,200 000
RUBON=MCX,0,20130802,10:00:38,33.060000000,622 000
RUBON=MCX,0,20130802,10:00:38,33.060000000,1 000 000
RUBON=MCX,0,20130802,10:00:38,33.060000000,143 000
RUBON=MCX,0,20130802,10:00:38,33.060000000,953 000
RUBON=MCX,0,20130802,10:00:38,33.060000000,256 000
RUBON=MCX,0,20130802,10:00:38,33.060000000,143 000
RUBON=MCX,0,20130802,10:00:38,33.060000000,200 000
RUBON=MCX,0,20130802,10:00:38,33.060000000,315 000
RUBON=MCX,0,20130802,10:00:38,33.060000000,1 585 000
RUBON=MCX,0,20130802,10:00:38,33.060000000,5 000
RUBON=MCX,0,20130802,10:00:38,33.062000000,138 000
RUBON=MCX,0,20130802,10:00:40,33.070000000,143 000
RUBON=MCX,0,20130802,10:00:40,33.070000000,200 000
RUBON=MCX,0,20130802,10:00:40,33.070000000,143 000
RUBON=MCX,0,20130802,10:00:40,33.070000000,514 000
RUBON=MCX,0,20130802,10:00:40,33.072000000,100 000
RUBON=MCX,0,20130802,10:00:40,33.072000000,200 000
RUBON=MCX,0,20130802,10:00:40,33.072000000,100 000
RUBON=MCX,0,20130802,10:00:40,33.090000000,8 000
RUBON=MCX,0,20130802,10:00:40,33.075000000,140 000
RUBON=MCX,0,20130802,10:00:40,33.074500000,500 000
RUBON=MCX,0,20130802,10:00:40,33.074500000,360 000
RUBON=MCX,0,20130802,10:00:40,33.073000000,10 000
RUBON=MCX,0,20130802,10:00:49,33.075000000,1 000 000
RUBON=MCX,0,20130802,10:00:49,33.071500000,136 000
RUBON=MCX,0,20130802,10:00:51,33.077500000,50 000
RUBON=MCX,0,20130802,10:00:51,33.078000000,140 000
RUBON=MCX,0,20130802,10:00:51,33.079000000,110 000
RUBON=MCX,0,20130802,10:00:57,33.077500000,140 000
RUBON=MCX,0,20130802,10:00:57,33.077000000,60 000
RUBON=MCX,0,20130802,10:01:06,33.070000000,3 000
RUBON=MCX,0,20130802,10:01:11,33.074500000,500 000
RUBON=MCX,0,20130802,10:01:11,33.074500000,143 000
RUBON=MCX,0,20130802,10:01:18,33.080500000,33 000
RUBON=MCX,0,20130802,10:01:26,33.086000000,91 000
RUBON=MCX,0,20130802,10:01:26,33.086000000,49 000
RUBON=MCX,0,20130802,10:01:26,33.086500000,143 000
RUBON=MCX,0,20130802,10:01:26,33.086500000,165 000
RUBON=MCX,0,20130802,10:01:26,33.086500000,45 000
RUBON=MCX,0,20130802,10:01:28,33.080000000,200 000
RUBON=MCX,0,20130802,10:01:30,33.080000000,1 000
RUBON=MCX,0,20130802,10:01:34,33.091000000,89 000
RUBON=MCX,0,20130802,10:01:42,33.089500000,26 000
RUBON=MCX,0,20130802,10:01:54,33.090000000,25 000
RUBON=MCX,0,20130802,10:01:54,33.091500000,35 000
RUBON=MCX,0,20130802,10:01:57,33.087500000,3 000
RUBON=MCX,0,20130802,10:01:59,33.090000000,61 000
RUBON=MCX,0,20130802,10:02:01,33.087500000,297 000
RUBON=MCX,0,20130802,10:02:01,33.085500000,225 000
RUBON=MCX,0,20130802,10:02:01,33.085000000,278 000
RUBON=MCX,0,20130802,10:02:02,33.090000000,35 000
RUBON=MCX,0,20130802,10:02:04,33.090000000,300 000
RUBON=MCX,0,20130802,10:02:10,33.090000000,30 000
RUBON=MCX,0,20130802,10:02:12,33.090000000,132 000
RUBON=MCX,0,20130802,10:02:12,33.089500000,50 000
RUBON=MCX,0,20130802,10:02:12,33.090000000,50 000
RUBON=MCX,0,20130802,10:02:13,33.086000000,825 000
RUBON=MCX,0,20130802,10:02:13,33.085000000,175 000
RUBON=MCX,0,20130802,10:02:13,33.085000000,47 000
RUBON=MCX,0,20130802,10:02:13,33.085000000,200 000
RUBON=MCX,0,20130802,10:02:13,33.084000000,10 000
RUBON=MCX,0,20130802,10:02:13,33.085000000,500 000
RUBON=MCX,0,20130802,10:02:13,33.081000000,10 000
RUBON=MCX,0,20130802,10:02:14,33.080000000,299 000
RUBON=MCX,0,20130802,10:02:14,33.076500000,140 000
RUBON=MCX,0,20130802,10:02:14,33.076000000,3 000
RUBON=MCX,0,20130802,10:02:14,33.076000000,100 000
RUBON=MCX,0,20130802,10:02:14,33.074000000,100 000
RUBON=MCX,0,20130802,10:02:14,33.074000000,178 000
RUBON=MCX,0,20130802,10:02:22,33.078500000,25 000
RUBON=MCX,0,20130802,10:02:22,33.079000000,140 000
RUBON=MCX,0,20130802,10:02:22,33.079500000,500 000
RUBON=MCX,0,20130802,10:02:22,33.079500000,335 000
RUBON=MCX,0,20130802,10:02:22,33.079500000,10 000
RUBON=MCX,0,20130802,10:02:25,33.080000000,10 000
RUBON=MCX,0,20130802,10:02:33,33.075000000,200 000
RUBON=MCX,0,20130802,10:02:33,33.075000000,300 000
RUBON=MCX,0,20130802,10:02:33,33.072500000,61 000
RUBON=MCX,0,20130802,10:02:33,33.070500000,140 000
RUBON=MCX,0,20130802,10:02:33,33.070000000,8 000
RUBON=MCX,0,20130802,10:02:33,33.070500000,99 000
RUBON=MCX,0,20130802,10:02:44,33.075000000,5 000
RUBON=MCX,0,20130802,10:02:44,33.075500000,169 000
RUBON=MCX,0,20130802,10:02:46,33.070000000,10 000
RUBON=MCX,0,20130802,10:02:47,33.075500000,8 000
RUBON=MCX,0,20130802,10:02:47,33.076000000,92 000
RUBON=MCX,0,20130802,10:03:03,33.070500000,92 000
RUBON=MCX,0,20130802,10:03:03,33.070500000,300 000
RUBON=MCX,0,20130802,10:03:06,33.074000000,37 000
RUBON=MCX,0,20130802,10:03:09,33.075000000,70 000
RUBON=MCX,0,20130802,10:03:14,33.075500000,10 000
RUBON=MCX,0,20130802,10:03:20,33.074000000,7 000
RUBON=MCX,0,20130802,10:03:21,33.074000000,132 000
RUBON=MCX,0,20130802,10:03:22,33.074000000,69 000
RUBON=MCX,0,20130802,10:03:22,33.074000000,55 000
RUBON=MCX,0,20130802,10:03:23,33.070500000,500 000
RUBON=MCX,0,20130802,10:03:23,33.070500000,500 000
RUBON=MCX,0,20130802,10:03:23,33.070000000,2 100 000
RUBON=MCX,0,20130802,10:03:41,33.075000000,32 000
RUBON=MCX,0,20130802,10:03:48,33.071500000,3 000
RUBON=MCX,0,20130802,10:03:49,33.071500000,29 000
RUBON=MCX,0,20130802,10:03:49,33.072000000,1 000
RUBON=MCX,0,20130802,10:03:49,33.074500000,52 000
RUBON=MCX,0,20130802,10:03:50,33.072000000,63 000
RUBON=MCX,0,20130802,10:03:50,33.070500000,32 000
RUBON=MCX,0,20130802,10:03:50,33.070000000,111 000
RUBON=MCX,0,20130802,10:03:50,33.070000000,100 000
RUBON=MCX,0,20130802,10:03:50,33.070000000,2 206 000
RUBON=MCX,0,20130802,10:03:50,33.070000000,200 000
RUBON=MCX,0,20130802,10:03:50,33.070000000,500 000
RUBON=MCX,0,20130802,10:03:50,33.070000000,15 000
RUBON=MCX,0,20130802,10:03:50,33.070000000,14 000
RUBON=MCX,0,20130802,10:03:50,33.070000000,2 986 000
RUBON=MCX,0,20130802,10:03:50,33.070000000,200 000
RUBON=MCX,0,20130802,10:03:50,33.068500000,10 000
RUBON=MCX,0,20130802,10:03:51,33.066000000,500 000
RUBON=MCX,0,20130802,10:03:51,33.065000000,500 000
RUBON=MCX,0,20130802,10:03:51,33.065000000,200 000
RUBON=MCX,0,20130802,10:03:52,33.068500000,140 000
RUBON=MCX,0,20130802,10:03:52,33.068500000,110 000
RUBON=MCX,0,20130802,10:03:57,33.068500000,12 000
RUBON=MCX,0,20130802,10:03:57,33.070000000,267 000
RUBON=MCX,0,20130802,10:04:00,33.070000000,83 000
RUBON=MCX,0,20130802,10:04:07,33.070000000,132 000
RUBON=MCX,0,20130802,10:04:09,33.065000000,200 000
RUBON=MCX,0,20130802,10:04:09,33.062500000,10 000
RUBON=MCX,0,20130802,10:04:09,33.061500000,140 000
RUBON=MCX,0,20130802,10:04:09,33.061500000,69 000
RUBON=MCX,0,20130802,10:04:09,33.061500000,231 000
RUBON=MCX,0,20130802,10:04:11,33.063000000,1 000
RUBON=MCX,0,20130802,10:04:11,33.065000000,613 000
RUBON=MCX,0,20130802,10:04:11,33.065000000,387 000
RUBON=MCX,0,20130802,10:04:11,33.065000000,869 000
RUBON=MCX,0,20130802,10:04:11,33.065000000,331 000
RUBON=MCX,0,20130802,10:04:12,33.068500000,140 000
RUBON=MCX,0,20130802,10:04:12,33.069000000,260 000
RUBON=MCX,0,20130802,10:04:14,33.065000000,1 000
RUBON=MCX,0,20130802,10:04:15,33.069000000,180 000
RUBON=MCX,0,20130802,10:04:22,33.066500000,200 000
RUBON=MCX,0,20130802,10:04:22,33.066500000,250 000
RUBON=MCX,0,20130802,10:04:33,33.066500000,3 000
RUBON=MCX,0,20130802,10:04:34,33.065000000,1 000
RUBON=MCX,0,20130802,10:04:35,33.066500000,196 000
RUBON=MCX,0,20130802,10:04:35,33.066500000,3 000
RUBON=MCX,0,20130802,10:04:36,33.066500000,19 000
RUBON=MCX,0,20130802,10:04:46,33.070000000,500 000
RUBON=MCX,0,20130802,10:04:58,33.070000000,59 000
RUBON=MCX,0,20130802,10:04:58,33.070000000,18 000
RUBON=MCX,0,20130802,10:05:02,33.070000000,120 000
RUBON=MCX,0,20130802,10:05:05,33.070500000,550 000
RUBON=MCX,0,20130802,10:05:05,33.071000000,143 000
RUBON=MCX,0,20130802,10:05:05,33.071000000,140 000
RUBON=MCX,0,20130802,10:05:05,33.071000000,70 000
RUBON=MCX,0,20130802,10:05:05,33.071000000,500 000
RUBON=MCX,0,20130802,10:05:05,33.071000000,1 597 000
RUBON=MCX,0,20130802,10:05:05,33.071500000,143 000
RUBON=MCX,0,20130802,10:05:18,33.070000000,300 000
RUBON=MCX,0,20130802,10:05:18,33.070000000,80 000
RUBON=MCX,0,20130802,10:05:19,33.072500000,60 000
RUBON=MCX,0,20130802,10:05:20,33.071000000,450 000
RUBON=MCX,0,20130802,10:05:24,33.071500000,500 000
RUBON=MCX,0,20130802,10:05:25,33.074500000,1 000
RUBON=MCX,0,20130802,10:05:25,33.074500000,500 000
RUBON=MCX,0,20130802,10:05:25,33.074500000,124 000
RUBON=MCX,0,20130802,10:05:25,33.074500000,376 000
RUBON=MCX,0,20130802,10:05:25,33.075000000,237 000
RUBON=MCX,0,20130802,10:05:25,33.075000000,323 000
RUBON=MCX,0,20130802,10:05:26,33.075000000,500 000
RUBON=MCX,0,20130802,10:05:26,33.075500000,167 000
RUBON=MCX,0,20130802,10:05:27,33.075000000,53 000
RUBON=MCX,0,20130802,10:05:32,33.075500000,255 000
RUBON=MCX,0,20130802,10:05:32,33.075500000,185 000
RUBON=MCX,0,20130802,10:05:32,33.075500000,110 000
RUBON=MCX,0,20130802,10:05:37,33.074000000,500 000
RUBON=MCX,0,20130802,10:05:37,33.074000000,500 000
RUBON=MCX,0,20130802,10:05:37,33.074000000,500 000
RUBON=MCX,0,20130802,10:05:41,33.077000000,12 000
RUBON=MCX,0,20130802,10:05:54,33.076000000,1 000
RUBON=MCX,0,20130802,10:05:54,33.076000000,49 000
RUBON=MCX,0,20130802,10:06:02,33.075000000,200 000
RUBON=MCX,0,20130802,10:06:02,33.077000000,200 000
RUBON=MCX,0,20130802,10:06:20,33.077000000,200 000
RUBON=MCX,0,20130802,10:06:20,33.075000000,143 000
RUBON=MCX,0,20130802,10:06:20,33.075000000,117 000
RUBON=MCX,0,20130802,10:06:20,33.075000000,860 000
RUBON=MCX,0,20130802,10:06:30,33.075000000,680 000
RUBON=MCX,0,20130802,10:06:30,33.075000000,120 000
RUBON=MCX,0,20130802,10:06:30,33.075000000,80 000
RUBON=MCX,0,20130802,10:06:30,33.076500000,495 000
RUBON=MCX,0,20130802,10:06:31,33.073500000,61 000
RUBON=MCX,0,20130802,10:06:32,33.074000000,66 000
RUBON=MCX,0,20130802,10:06:39,33.070000000,500 000
RUBON=MCX,0,20130802,10:06:39,33.070000000,100 000
RUBON=MCX,0,20130802,10:06:39,33.070000000,500 000
RUBON=MCX,0,20130802,10:06:40,33.074000000,150 000
RUBON=MCX,0,20130802,10:06:41,33.074000000,500 000
RUBON=MCX,0,20130802,10:06:41,33.075000000,76 000
RUBON=MCX,0,20130802,10:06:41,33.075000000,1 398 000
RUBON=MCX,0,20130802,10:06:41,33.075000000,26 000
RUBON=MCX,0,20130802,10:06:45,33.075000000,4 000
RUBON=MCX,0,20130802,10:06:56,33.077000000,88 000
RUBON=MCX,0,20130802,10:06:57,33.076000000,16 000
RUBON=MCX,0,20130802,10:06:57,33.076000000,11 000
RUBON=MCX,0,20130802,10:07:01,33.075500000,656 000
RUBON=MCX,0,20130802,10:07:01,33.075500000,1 000
RUBON=MCX,0,20130802,10:07:08,33.074500000,200 000
RUBON=MCX,0,20130802,10:07:08,33.075000000,154 000
RUBON=MCX,0,20130802,10:07:11,33.075000000,262 000
RUBON=MCX,0,20130802,10:07:11,33.075000000,128 000
RUBON=MCX,0,20130802,10:07:11,33.075000000,200 000
RUBON=MCX,0,20130802,10:07:11,33.075000000,2 000
RUBON=MCX,0,20130802,10:07:11,33.075000000,198 000
RUBON=MCX,0,20130802,10:07:11,33.075500000,21 000
RUBON=MCX,0,20130802,10:07:11,33.075000000,7 000
RUBON=MCX,0,20130802,10:07:15,33.075000000,4 000
RUBON=MCX,0,20130802,10:07:15,33.075000000,300 000
RUBON=MCX,0,20130802,10:07:23,33.078000000,40 000
RUBON=MCX,0,20130802,10:07:31,33.075500000,500 000
RUBON=MCX,0,20130802,10:07:31,33.075500000,500 000
RUBON=MCX,0,20130802,10:07:31,33.075500000,200 000
RUBON=MCX,0,20130802,10:07:31,33.075500000,30 000
RUBON=MCX,0,20130802,10:07:31,33.075500000,212 000
RUBON=MCX,0,20130802,10:07:31,33.075000000,21 000
RUBON=MCX,0,20130802,10:07:31,33.075000000,22 000
RUBON=MCX,0,20130802,10:07:32,33.075000000,150 000
RUBON=MCX,0,20130802,10:07:32,33.075500000,195 000
RUBON=MCX,0,20130802,10:07:32,33.075000000,67 000
RUBON=MCX,0,20130802,10:07:32,33.075500000,1 000
RUBON=MCX,0,20130802,10:07:39,33.075500000,1 000
RUBON=MCX,0,20130802,10:07:42,33.075500000,172 000
RUBON=MCX,0,20130802,10:07:50,33.075500000,1 000
RUBON=MCX,0,20130802,10:07:53,33.075500000,1 500 000
RUBON=MCX,0,20130802,10:07:53,33.075500000,82 000
RUBON=MCX,0,20130802,10:07:53,33.075500000,500 000
RUBON=MCX,0,20130802,10:07:53,33.075500000,17 000
RUBON=MCX,0,20130802,10:07:53,33.075500000,67 000
RUBON=MCX,0,20130802,10:07:53,33.075500000,21 000
RUBON=MCX,0,20130802,10:07:53,33.075500000,200 000
RUBON=MCX,0,20130802,10:07:53,33.075500000,500 000
RUBON=MCX,0,20130802,10:07:53,33.075500000,131 000
RUBON=MCX,0,20130802,10:07:54,33.075500000,500 000
RUBON=MCX,0,20130802,10:08:08,33.079500000,115 000
RUBON=MCX,0,20130802,10:08:09,33.080000000,400 000
RUBON=MCX,0,20130802,10:08:09,33.080000000,200 000
RUBON=MCX,0,20130802,10:08:09,33.080500000,61 000
RUBON=MCX,0,20130802,10:08:17,33.080500000,21 000
RUBON=MCX,0,20130802,10:08:20,33.082500000,1 000
RUBON=MCX,0,20130802,10:08:20,33.082500000,1 000
RUBON=MCX,0,20130802,10:08:20,33.083500000,1 000
RUBON=MCX,0,20130802,10:08:20,33.084000000,60 000
RUBON=MCX,0,20130802,10:08:20,33.082500000,1 000
RUBON=MCX,0,20130802,10:08:20,33.082500000,1 000
RUBON=MCX,0,20130802,10:08:20,33.084000000,3 000
RUBON=MCX,0,20130802,10:08:20,33.082500000,2 000
RUBON=MCX,0,20130802,10:08:30,33.081000000,4 000
RUBON=MCX,0,20130802,10:08:30,33.085500000,5 000
RUBON=MCX,0,20130802,10:08:30,33.086000000,126 000
RUBON=MCX,0,20130802,10:08:30,33.093500000,198 000
RUBON=MCX,0,20130802,10:08:30,33.093500000,200 000
RUBON=MCX,0,20130802,10:08:37,33.100000000,1 000 000
RUBON=MCX,0,20130802,10:08:38,33.096000000,143 000
RUBON=MCX,0,20130802,10:08:38,33.097000000,140 000
RUBON=MCX,0,20130802,10:08:38,33.096000000,57 000
RUBON=MCX,0,20130802,10:08:38,33.095500000,303 000
RUBON=MCX,0,20130802,10:08:38,33.095500000,197 000
RUBON=MCX,0,20130802,10:08:38,33.094500000,53 000
RUBON=MCX,0,20130802,10:08:38,33.094000000,500 000
RUBON=MCX,0,20130802,10:08:41,33.097000000,500 000
RUBON=MCX,0,20130802,10:08:41,33.098000000,500 000
RUBON=MCX,0,20130802,10:08:41,33.099500000,200 000
RUBON=MCX,0,20130802,10:08:41,33.099500000,550 000
RUBON=MCX,0,20130802,10:08:41,33.100000000,250 000
RUBON=MCX,0,20130802,10:08:41,33.099500000,500 000
RUBON=MCX,0,20130802,10:08:41,33.099500000,176 000
RUBON=MCX,0,20130802,10:08:41,33.100000000,500 000
RUBON=MCX,0,20130802,10:08:42,33.101000000,396 000
RUBON=MCX,0,20130802,10:08:42,33.102500000,6 000
RUBON=MCX,0,20130802,10:08:42,33.102500000,2 000
RUBON=MCX,0,20130802,10:08:42,33.102500000,92 000
RUBON=MCX,0,20130802,10:08:42,33.103500000,366 000
RUBON=MCX,0,20130802,10:08:44,33.103500000,143 000
RUBON=MCX,0,20130802,10:08:44,33.103500000,57 000
RUBON=MCX,0,20130802,10:08:44,33.104000000,193 000
RUBON=MCX,0,20130802,10:08:44,33.104000000,103 000
RUBON=MCX,0,20130802,10:08:44,33.104000000,254 000
RUBON=MCX,0,20130802,10:08:44,33.104000000,200 000
RUBON=MCX,0,20130802,10:08:44,33.104000000,46 000
RUBON=MCX,0,20130802,10:08:44,33.102500000,200 000
RUBON=MCX,0,20130802,10:08:44,33.102000000,300 000
RUBON=MCX,0,20130802,10:08:45,33.101500000,16 000
RUBON=MCX,0,20130802,10:08:45,33.101500000,7 000
RUBON=MCX,0,20130802,10:08:45,33.101500000,200 000
RUBON=MCX,0,20130802,10:08:45,33.101500000,200 000
RUBON=MCX,0,20130802,10:08:45,33.101500000,154 000
RUBON=MCX,0,20130802,10:08:48,33.101500000,21 000
RUBON=MCX,0,20130802,10:08:49,33.101500000,479 000
RUBON=MCX,0,20130802,10:08:51,33.102500000,1 000
RUBON=MCX,0,20130802,10:08:52,33.099000000,21 000
RUBON=MCX,0,20130802,10:08:52,33.099000000,2 000
RUBON=MCX,0,20130802,10:08:52,33.099000000,177 000
RUBON=MCX,0,20130802,10:08:52,33.097500000,489 000
RUBON=MCX,0,20130802,10:08:52,33.097500000,11 000
RUBON=MCX,0,20130802,10:08:52,33.097500000,114 000
RUBON=MCX,0,20130802,10:08:52,33.097500000,386 000
RUBON=MCX,0,20130802,10:08:53,33.094500000,132 000
RUBON=MCX,0,20130802,10:08:55,33.093000000,500 000
RUBON=MCX,0,20130802,10:08:56,33.093500000,500 000
RUBON=MCX,0,20130802,10:08:57,33.097000000,500 000
RUBON=MCX,0,20130802,10:08:57,33.097000000,50 000
RUBON=MCX,0,20130802,10:08:58,33.099500000,500 000
RUBON=MCX,0,20130802,10:08:58,33.100500000,500 000
RUBON=MCX,0,20130802,10:08:58,33.101500000,115 000
RUBON=MCX,0,20130802,10:09:00,33.096500000,161 000
RUBON=MCX,0,20130802,10:09:06,33.099000000,259 000
RUBON=MCX,0,20130802,10:09:07,33.094000000,132 000
RUBON=MCX,0,20130802,10:09:08,33.098000000,20 000
RUBON=MCX,0,20130802,10:09:20,33.097000000,200 000
RUBON=MCX,0,20130802,10:09:27,33.097000000,255 000
RUBON=MCX,0,20130802,10:09:27,33.095000000,4 000
RUBON=MCX,0,20130802,10:09:27,33.095000000,1 000
RUBON=MCX,0,20130802,10:09:28,33.095000000,1 000
RUBON=MCX,0,20130802,10:09:28,33.095000000,9 000
RUBON=MCX,0,20130802,10:09:30,33.095000000,9 000
RUBON=MCX,0,20130802,10:09:32,33.096500000,3 000
RUBON=MCX,0,20130802,10:09:33,33.096500000,497 000
RUBON=MCX,0,20130802,10:09:33,33.096500000,3 000
RUBON=MCX,0,20130802,10:09:37,33.096500000,23 000
RUBON=MCX,0,20130802,10:09:37,33.097000000,107 000
RUBON=MCX,0,20130802,10:09:39,33.096500000,500 000
RUBON=MCX,0,20130802,10:09:39,33.097500000,5 300 000
RUBON=MCX,0,20130802,10:09:48,33.095500000,500 000
RUBON=MCX,0,20130802,10:09:48,33.095000000,125 000
RUBON=MCX,0,20130802,10:09:48,33.095000000,51 000
RUBON=MCX,0,20130802,10:09:55,33.096500000,253 000
RUBON=MCX,0,20130802,10:09:55,33.096500000,30 000
RUBON=MCX,0,20130802,10:10:01,33.095000000,100 000
RUBON=MCX,0,20130802,10:10:08,33.093500000,500 000
RUBON=MCX,0,20130802,10:10:27,33.096000000,20 000
RUBON=MCX,0,20130802,10:10:27,33.095000000,10 000
RUBON=MCX,0,20130802,10:10:29,33.092500000,300 000
RUBON=MCX,0,20130802,10:10:34,33.093500000,200 000
RUBON=MCX,0,20130802,10:10:34,33.093500000,29 000
RUBON=MCX,0,20130802,10:10:37,33.092500000,300 000
RUBON=MCX,0,20130802,10:10:37,33.093500000,2 000
RUBON=MCX,0,20130802,10:10:37,33.093500000,33 000
RUBON=MCX,0,20130802,10:10:37,33.093500000,113 000
RUBON=MCX,0,20130802,10:10:53,33.090500000,75 000
RUBON=MCX,0,20130802,10:10:55,33.091500000,14 000
RUBON=MCX,0,20130802,10:10:59,33.093000000,396 000
RUBON=MCX,0,20130802,10:10:59,33.093500000,1 000
RUBON=MCX,0,20130802,10:10:59,33.093000000,214 000
RUBON=MCX,0,20130802,10:11:00,33.093500000,500 000
RUBON=MCX,0,20130802,10:11:00,33.093500000,200 000
RUBON=MCX,0,20130802,10:11:00,33.093500000,500 000
RUBON=MCX,0,20130802,10:11:00,33.093500000,214 000
RUBON=MCX,0,20130802,10:11:00,33.093500000,300 000
RUBON=MCX,0,20130802,10:11:00,33.094000000,88 000
RUBON=MCX,0,20130802,10:11:00,33.093500000,300 000
RUBON=MCX,0,20130802,10:11:00,33.094000000,112 000
RUBON=MCX,0,20130802,10:11:00,33.094000000,188 000
RUBON=MCX,0,20130802,10:11:03,33.090000000,10 000
RUBON=MCX,0,20130802,10:11:03,33.090000000,490 000
RUBON=MCX,0,20130802,10:11:05,33.090000000,2 510 000
RUBON=MCX,0,20130802,10:11:05,33.089500000,23 000
RUBON=MCX,0,20130802,10:11:05,33.089500000,200 000
RUBON=MCX,0,20130802,10:11:05,33.089500000,277 000
RUBON=MCX,0,20130802,10:11:05,33.089500000,500 000
RUBON=MCX,0,20130802,10:11:05,33.089500000,3 000
RUBON=MCX,0,20130802,10:11:05,33.089500000,4 000
RUBON=MCX,0,20130802,10:11:05,33.089500000,496 000
RUBON=MCX,0,20130802,10:11:05,33.089500000,162 000
RUBON=MCX,0,20130802,10:11:05,33.089500000,38 000
RUBON=MCX,0,20130802,10:11:05,33.089500000,256 000
RUBON=MCX,0,20130802,10:11:07,33.089000000,16 000
RUBON=MCX,0,20130802,10:11:07,33.089000000,3 000
RUBON=MCX,0,20130802,10:11:07,33.089500000,244 000
RUBON=MCX,0,20130802,10:11:07,33.089500000,500 000
RUBON=MCX,0,20130802,10:11:07,33.089500000,200 000
RUBON=MCX,0,20130802,10:11:08,33.090000000,30 000
RUBON=MCX,0,20130802,10:11:11,33.089500000,1 000
RUBON=MCX,0,20130802,10:11:12,33.086500000,500 000
RUBON=MCX,0,20130802,10:11:12,33.089500000,15 000
RUBON=MCX,0,20130802,10:11:12,33.088500000,200 000
RUBON=MCX,0,20130802,10:11:12,33.088500000,72 000
RUBON=MCX,0,20130802,10:11:12,33.089500000,14 000
RUBON=MCX,0,20130802,10:11:13,33.086000000,500 000
RUBON=MCX,0,20130802,10:11:13,33.087500000,500 000
RUBON=MCX,0,20130802,10:11:13,33.087500000,162 000
RUBON=MCX,0,20130802,10:11:13,33.088500000,51 000
RUBON=MCX,0,20130802,10:11:14,33.089000000,11 000
RUBON=MCX,0,20130802,10:11:16,33.089000000,174 000
RUBON=MCX,0,20130802,10:11:17,33.089000000,19 000
RUBON=MCX,0,20130802,10:11:17,33.089000000,3 000
RUBON=MCX,0,20130802,10:11:19,33.089000000,200 000
RUBON=MCX,0,20130802,10:11:21,33.089000000,4 000
RUBON=MCX,0,20130802,10:11:31,33.090000000,50 000
RUBON=MCX,0,20130802,10:11:31,33.090000000,610 000
RUBON=MCX,0,20130802,10:11:32,33.088500000,100 000
RUBON=MCX,0,20130802,10:11:39,33.089500000,50 000
RUBON=MCX,0,20130802,10:11:40,33.088000000,2 000
RUBON=MCX,0,20130802,10:11:47,33.089500000,50 000
RUBON=MCX,0,20130802,10:11:47,33.089500000,100 000
RUBON=MCX,0,20130802,10:11:47,33.090000000,23 000
RUBON=MCX,0,20130802,10:11:47,33.090000000,22 000
RUBON=MCX,0,20130802,10:11:48,33.090000000,240 000
RUBON=MCX,0,20130802,10:11:48,33.090000000,22 000
RUBON=MCX,0,20130802,10:11:48,33.090000000,12 000
RUBON=MCX,0,20130802,10:11:48,33.089000000,270 000
RUBON=MCX,0,20130802,10:11:48,33.089000000,30 000
RUBON=MCX,0,20130802,10:11:53,33.089000000,300 000
RUBON=MCX,0,20130802,10:12:09,33.089500000,200 000
RUBON=MCX,0,20130802,10:12:09,33.089500000,3 000
RUBON=MCX,0,20130802,10:12:09,33.089500000,297 000
RUBON=MCX,0,20130802,10:12:09,33.089500000,177 000
RUBON=MCX,0,20130802,10:12:09,33.089500000,6 000
RUBON=MCX,0,20130802,10:12:09,33.089500000,4 000
RUBON=MCX,0,20130802,10:12:09,33.090000000,464 000
RUBON=MCX,0,20130802,10:12:20,33.089000000,2 000
RUBON=MCX,0,20130802,10:12:25,33.089000000,200 000
RUBON=MCX,0,20130802,10:12:30,33.088500000,61 000
RUBON=MCX,0,20130802,10:12:30,33.088500000,213 000
RUBON=MCX,0,20130802,10:12:30,33.088500000,200 000
RUBON=MCX,0,20130802,10:12:36,33.087500000,500 000
RUBON=MCX,0,20130802,10:12:47,33.088500000,200 000
RUBON=MCX,0,20130802,10:12:47,33.089000000,125 000
RUBON=MCX,0,20130802,10:12:47,33.089000000,375 000
RUBON=MCX,0,20130802,10:12:50,33.086500000,3 000
RUBON=MCX,0,20130802,10:12:58,33.085000000,2 000 000
RUBON=MCX,0,20130802,10:13:08,33.084000000,100 000
RUBON=MCX,0,20130802,10:13:11,33.084000000,100 000
RUBON=MCX,0,20130802,10:13:15,33.084000000,27 000
RUBON=MCX,0,20130802,10:13:21,33.084500000,140 000
RUBON=MCX,0,20130802,10:13:22,33.086500000,500 000
RUBON=MCX,0,20130802,10:13:22,33.086500000,200 000
RUBON=MCX,0,20130802,10:13:22,33.086500000,50 000
RUBON=MCX,0,20130802,10:13:22,33.087500000,250 000
RUBON=MCX,0,20130802,10:13:23,33.086500000,10 000
RUBON=MCX,0,20130802,10:13:23,33.084000000,10 000
RUBON=MCX,0,20130802,10:13:23,33.084000000,200 000
RUBON=MCX,0,20130802,10:13:23,33.084000000,222 000
RUBON=MCX,0,20130802,10:13:25,33.084000000,200 000
RUBON=MCX,0,20130802,10:13:28,33.083500000,46 000
RUBON=MCX,0,20130802,10:13:30,33.083500000,454 000
RUBON=MCX,0,20130802,10:13:30,33.082500000,31 000
RUBON=MCX,0,20130802,10:13:30,33.082500000,2 200 000
RUBON=MCX,0,20130802,10:13:30,33.082500000,396 000
RUBON=MCX,0,20130802,10:13:30,33.082500000,11 000
RUBON=MCX,0,20130802,10:13:30,33.082500000,139 000
RUBON=MCX,0,20130802,10:13:34,33.085000000,120 000
RUBON=MCX,0,20130802,10:13:35,33.082500000,200 000
RUBON=MCX,0,20130802,10:13:35,33.082500000,500 000
RUBON=MCX,0,20130802,10:13:35,33.082000000,311 000
RUBON=MCX,0,20130802,10:13:38,33.083500000,500 000
RUBON=MCX,0,20130802,10:13:38,33.082000000,200 000
RUBON=MCX,0,20130802,10:13:46,33.086500000,2 000
RUBON=MCX,0,20130802,10:13:46,33.086500000,130 000
RUBON=MCX,0,20130802,10:13:46,33.087500000,200 000
RUBON=MCX,0,20130802,10:13:48,33.087000000,500 000
RUBON=MCX,0,20130802,10:13:54,33.086500000,568 000
RUBON=MCX,0,20130802,10:13:54,33.085500000,500 000
RUBON=MCX,0,20130802,10:13:54,33.085500000,432 000
RUBON=MCX,0,20130802,10:14:01,33.087000000,500 000
RUBON=MCX,0,20130802,10:14:03,33.087500000,20 000
RUBON=MCX,0,20130802,10:14:03,33.087000000,123 000
RUBON=MCX,0,20130802,10:14:03,33.087000000,22 000
RUBON=MCX,0,20130802,10:14:03,33.087000000,155 000
RUBON=MCX,0,20130802,10:14:11,33.085000000,300 000
RUBON=MCX,0,20130802,10:14:11,33.085000000,500 000
RUBON=MCX,0,20130802,10:14:11,33.085000000,100 000
RUBON=MCX,0,20130802,10:14:20,33.087500000,140 000
RUBON=MCX,0,20130802,10:14:20,33.087500000,360 000
RUBON=MCX,0,20130802,10:14:22,33.084000000,50 000
RUBON=MCX,0,20130802,10:14:25,33.082500000,43 000
RUBON=MCX,0,20130802,10:14:28,33.081000000,35 000
RUBON=MCX,0,20130802,10:14:28,33.081000000,176 000
RUBON=MCX,0,20130802,10:14:30,33.080000000,500 000
RUBON=MCX,0,20130802,10:14:30,33.080000000,200 000
RUBON=MCX,0,20130802,10:14:36,33.084000000,180 000
RUBON=MCX,0,20130802,10:14:39,33.084000000,20 000
RUBON=MCX,0,20130802,10:14:39,33.084000000,180 000
RUBON=MCX,0,20130802,10:14:49,33.080000000,89 000
RUBON=MCX,0,20130802,10:14:55,33.082500000,139 000
RUBON=MCX,0,20130802,10:15:01,33.082500000,131 000
RUBON=MCX,0,20130802,10:15:19,33.082500000,4 000
RUBON=MCX,0,20130802,10:15:21,33.084500000,7 000
RUBON=MCX,0,20130802,10:15:23,33.084000000,14 000
RUBON=MCX,0,20130802,10:15:30,33.085000000,100 000
RUBON=MCX,0,20130802,10:15:36,33.085000000,300 000
RUBON=MCX,0,20130802,10:15:39,33.083500000,50 000
RUBON=MCX,0,20130802,10:15:42,33.082500000,96 000
RUBON=MCX,0,20130802,10:15:43,33.083000000,100 000
RUBON=MCX,0,20130802,10:15:49,33.083500000,500 000
RUBON=MCX,0,20130802,10:15:56,33.083000000,1 000 000
RUBON=MCX,0,20130802,10:15:56,33.083500000,400 000
RUBON=MCX,0,20130802,10:16:09,33.083000000,200 000
RUBON=MCX,0,20130802,10:16:13,33.083500000,16 000
RUBON=MCX,0,20130802,10:16:13,33.083500000,12 000
RUBON=MCX,0,20130802,10:16:13,33.083500000,286 000
RUBON=MCX,0,20130802,10:16:14,33.083500000,64 000
RUBON=MCX,0,20130802,10:16:14,33.083000000,500 000
RUBON=MCX,0,20130802,10:16:14,33.082500000,142 000
RUBON=MCX,0,20130802,10:16:17,33.084500000,500 000
RUBON=MCX,0,20130802,10:16:17,33.085000000,600 000
RUBON=MCX,0,20130802,10:16:17,33.085000000,3 200 000
RUBON=MCX,0,20130802,10:16:17,33.085500000,7 000
RUBON=MCX,0,20130802,10:16:19,33.085500000,2 000
RUBON=MCX,0,20130802,10:16:19,33.085000000,1 200 000
RUBON=MCX,0,20130802,10:16:19,33.085000000,200 000
RUBON=MCX,0,20130802,10:16:22,33.085000000,7 000
RUBON=MCX,0,20130802,10:16:29,33.085000000,20 000
RUBON=MCX,0,20130802,10:16:30,33.083500000,200 000
RUBON=MCX,0,20130802,10:16:36,33.084500000,27 000
RUBON=MCX,0,20130802,10:16:36,33.084500000,102 000
RUBON=MCX,0,20130802,10:16:40,33.084500000,299 000
RUBON=MCX,0,20130802,10:16:40,33.084500000,228 000
RUBON=MCX,0,20130802,10:16:44,33.083000000,500 000
RUBON=MCX,0,20130802,10:16:44,33.083000000,200 000
RUBON=MCX,0,20130802,10:16:47,33.084500000,1 000
RUBON=MCX,0,20130802,10:16:47,33.084500000,4 000
RUBON=MCX,0,20130802,10:17:04,33.080500000,140 000
RUBON=MCX,0,20130802,10:17:04,33.080000000,1 500 000
RUBON=MCX,0,20130802,10:17:09,33.082500000,150 000
RUBON=MCX,0,20130802,10:17:10,33.082500000,50 000
RUBON=MCX,0,20130802,10:17:10,33.082500000,74 000
RUBON=MCX,0,20130802,10:17:10,33.082500000,18 000
RUBON=MCX,0,20130802,10:17:10,33.082500000,32 000
RUBON=MCX,0,20130802,10:17:10,33.082500000,2 000
RUBON=MCX,0,20130802,10:17:10,33.082500000,36 000
RUBON=MCX,0,20130802,10:17:16,33.083000000,67 000
RUBON=MCX,0,20130802,10:17:41,33.083000000,659 000
RUBON=MCX,0,20130802,10:17:44,33.082000000,500 000
RUBON=MCX,0,20130802,10:17:44,33.082000000,58 000
RUBON=MCX,0,20130802,10:17:48,33.082500000,30 000
RUBON=MCX,0,20130802,10:17:48,33.082000000,500 000
RUBON=MCX,0,20130802,10:17:48,33.081500000,200 000
RUBON=MCX,0,20130802,10:17:53,33.082500000,140 000
RUBON=MCX,0,20130802,10:17:53,33.082500000,60 000
RUBON=MCX,0,20130802,10:17:53,33.083000000,131 000
RUBON=MCX,0,20130802,10:17:53,33.083000000,131 000
RUBON=MCX,0,20130802,10:17:53,33.083000000,12 000
RUBON=MCX,0,20130802,10:17:53,33.083000000,57 000
RUBON=MCX,0,20130802,10:17:57,33.082000000,500 000
RUBON=MCX,0,20130802,10:17:57,33.082000000,200 000
RUBON=MCX,0,20130802,10:18:01,33.083000000,300 000
RUBON=MCX,0,20130802,10:18:01,33.082000000,500 000
RUBON=MCX,0,20130802,10:18:01,33.082000000,200 000
RUBON=MCX,0,20130802,10:18:01,33.081500000,300 000
RUBON=MCX,0,20130802,10:18:01,33.080500000,58 000
RUBON=MCX,0,20130802,10:18:01,33.080500000,263 000
RUBON=MCX,0,20130802,10:18:08,33.082000000,62 000
RUBON=MCX,0,20130802,10:18:08,33.081500000,500 000
RUBON=MCX,0,20130802,10:18:08,33.081500000,200 000
RUBON=MCX,0,20130802,10:18:08,33.082000000,200 000
RUBON=MCX,0,20130802,10:18:09,33.082000000,200 000
RUBON=MCX,0,20130802,10:18:11,33.082000000,38 000
RUBON=MCX,0,20130802,10:18:13,33.081000000,336 000
RUBON=MCX,0,20130802,10:18:13,33.081000000,200 000
RUBON=MCX,0,20130802,10:18:13,33.080500000,500 000
RUBON=MCX,0,20130802,10:18:13,33.080000000,1 000
RUBON=MCX,0,20130802,10:18:14,33.080000000,162 000
RUBON=MCX,0,20130802,10:18:14,33.080000000,120 000
RUBON=MCX,0,20130802,10:18:14,33.080000000,100 000
RUBON=MCX,0,20130802,10:18:14,33.080000000,500 000
RUBON=MCX,0,20130802,10:18:14,33.080000000,537 000
RUBON=MCX,0,20130802,10:18:14,33.080000000,343 000
RUBON=MCX,0,20130802,10:18:32,33.083000000,643 000
RUBON=MCX,0,20130802,10:18:32,33.083000000,357 000
RUBON=MCX,0,20130802,10:18:34,33.083000000,100 000
RUBON=MCX,0,20130802,10:18:34,33.083000000,200 000
RUBON=MCX,0,20130802,10:18:34,33.082500000,200 000
RUBON=MCX,0,20130802,10:18:34,33.082500000,457 000
RUBON=MCX,0,20130802,10:18:34,33.082500000,171 000
RUBON=MCX,0,20130802,10:18:35,33.082500000,146 000
RUBON=MCX,0,20130802,10:18:35,33.082500000,1 014 000
RUBON=MCX,0,20130802,10:18:35,33.082500000,988 000
RUBON=MCX,0,20130802,10:18:35,33.083000000,12 000
RUBON=MCX,0,20130802,10:18:35,33.083000000,272 000
RUBON=MCX,0,20130802,10:18:35,33.083000000,59 000
RUBON=MCX,0,20130802,10:18:38,33.085000000,1 000 000
RUBON=MCX,0,20130802,10:18:48,33.086000000,1 000 000
RUBON=MCX,0,20130802,10:18:48,33.085000000,123 000
RUBON=MCX,0,20130802,10:18:59,33.088000000,420 000
RUBON=MCX,0,20130802,10:19:12,33.088000000,580 000
RUBON=MCX,0,20130802,10:19:30,33.089000000,1 000 000
RUBON=MCX,0,20130802,10:19:30,33.089500000,140 000
RUBON=MCX,0,20130802,10:19:30,33.090000000,217 000
RUBON=MCX,0,20130802,10:19:30,33.090000000,1 000 000
RUBON=MCX,0,20130802,10:19:30,33.090000000,143 000
RUBON=MCX,0,20130802,10:19:32,33.090000000,500 000
RUBON=MCX,0,20130802,10:19:33,33.090000000,1 000 000
RUBON=MCX,0,20130802,10:19:39,33.090000000,357 000
RUBON=MCX,0,20130802,10:19:39,33.090000000,1 000 000
RUBON=MCX,0,20130802,10:19:46,33.089000000,7 000
RUBON=MCX,0,20130802,10:19:46,33.089000000,93 000
RUBON=MCX,0,20130802,10:19:46,33.091500000,30 000
RUBON=MCX,0,20130802,10:19:48,33.090000000,50 000
RUBON=MCX,0,20130802,10:19:52,33.091500000,470 000
RUBON=MCX,0,20130802,10:19:52,33.091500000,211 000
RUBON=MCX,0,20130802,10:19:56,33.089000000,16 000
RUBON=MCX,0,20130802,10:19:56,33.089000000,17 000
RUBON=MCX,0,20130802,10:19:56,33.089000000,22 000
RUBON=MCX,0,20130802,10:19:56,33.089000000,362 000
RUBON=MCX,0,20130802,10:19:56,33.089000000,33 000
RUBON=MCX,0,20130802,10:20:02,33.090000000,84 000
RUBON=MCX,0,20130802,10:20:08,33.087500000,140 000
RUBON=MCX,0,20130802,10:20:08,33.087500000,271 000
RUBON=MCX,0,20130802,10:20:08,33.087500000,15 000
RUBON=MCX,0,20130802,10:20:08,33.087500000,50 000
RUBON=MCX,0,20130802,10:20:08,33.087500000,379 000
RUBON=MCX,0,20130802,10:20:08,33.087500000,1 000
RUBON=MCX,0,20130802,10:20:08,33.087500000,500 000
RUBON=MCX,0,20130802,10:20:08,33.087500000,200 000
RUBON=MCX,0,20130802,10:20:08,33.087500000,44 000
RUBON=MCX,0,20130802,10:20:27,33.090000000,43 000
RUBON=MCX,0,20130802,10:20:27,33.090000000,244 000
RUBON=MCX,0,20130802,10:20:34,33.087500000,18 000
RUBON=MCX,0,20130802,10:20:37,33.089500000,200 000
RUBON=MCX,0,20130802,10:20:37,33.090000000,738 000
RUBON=MCX,0,20130802,10:20:37,33.087500000,1 000
RUBON=MCX,0,20130802,10:20:37,33.087000000,2 162 000
RUBON=MCX,0,20130802,10:20:37,33.087000000,838 000
RUBON=MCX,0,20130802,10:20:37,33.085500000,200 000
RUBON=MCX,0,20130802,10:20:37,33.085000000,4 000
RUBON=MCX,0,20130802,10:20:37,33.085000000,996 000
RUBON=MCX,0,20130802,10:20:37,33.085000000,300 000
RUBON=MCX,0,20130802,10:20:37,33.084000000,1 000 000
RUBON=MCX,0,20130802,10:20:37,33.085500000,33 000
RUBON=MCX,0,20130802,10:20:37,33.085500000,467 000
RUBON=MCX,0,20130802,10:20:37,33.085500000,500 000
RUBON=MCX,0,20130802,10:20:38,33.085500000,500 000
RUBON=MCX,0,20130802,10:20:38,33.086000000,365 000
RUBON=MCX,0,20130802,10:20:38,33.086000000,135 000
RUBON=MCX,0,20130802,10:20:54,33.086000000,60 000
RUBON=MCX,0,20130802,10:20:54,33.085000000,358 000
RUBON=MCX,0,20130802,10:20:54,33.085000000,100 000
RUBON=MCX,0,20130802,10:20:54,33.085000000,105 000
RUBON=MCX,0,20130802,10:20:54,33.085000000,500 000
RUBON=MCX,0,20130802,10:20:55,33.086500000,500 000
RUBON=MCX,0,20130802,10:20:55,33.086500000,50 000
RUBON=MCX,0,20130802,10:20:55,33.086500000,66 000
RUBON=MCX,0,20130802,10:20:55,33.086000000,152 000
RUBON=MCX,0,20130802,10:20:56,33.083500000,358 000
RUBON=MCX,0,20130802,10:20:57,33.086000000,348 000
RUBON=MCX,0,20130802,10:20:57,33.086500000,384 000
RUBON=MCX,0,20130802,10:20:57,33.086500000,200 000
RUBON=MCX,0,20130802,10:20:57,33.086500000,68 000
RUBON=MCX,0,20130802,10:21:00,33.086500000,500 000
RUBON=MCX,0,20130802,10:21:00,33.086500000,500 000
RUBON=MCX,0,20130802,10:21:00,33.086000000,1 000
RUBON=MCX,0,20130802,10:21:00,33.086000000,499 000
RUBON=MCX,0,20130802,10:21:00,33.086000000,500 000
RUBON=MCX,0,20130802,10:21:00,33.085000000,200 000
RUBON=MCX,0,20130802,10:21:01,33.086500000,500 000
RUBON=MCX,0,20130802,10:21:02,33.086000000,100 000
RUBON=MCX,0,20130802,10:21:02,33.086500000,500 000
RUBON=MCX,0,20130802,10:21:02,33.086500000,500 000
RUBON=MCX,0,20130802,10:21:04,33.087000000,19 000
RUBON=MCX,0,20130802,10:21:04,33.088000000,200 000
RUBON=MCX,0,20130802,10:21:04,33.088000000,100 000
RUBON=MCX,0,20130802,10:21:04,33.089500000,140 000
RUBON=MCX,0,20130802,10:21:05,33.090000000,18 000
RUBON=MCX,0,20130802,10:21:05,33.090000000,274 000
RUBON=MCX,0,20130802,10:21:05,33.090000000,169 000
RUBON=MCX,0,20130802,10:21:05,33.090000000,546 000
RUBON=MCX,0,20130802,10:21:05,33.090000000,787 000
RUBON=MCX,0,20130802,10:21:05,33.090000000,224 000
RUBON=MCX,0,20130802,10:21:05,33.090000000,230 000
RUBON=MCX,0,20130802,10:21:05,33.090000000,142 000
RUBON=MCX,0,20130802,10:21:05,33.090000000,49 000
RUBON=MCX,0,20130802,10:21:05,33.090000000,1 000
RUBON=MCX,0,20130802,10:21:08,33.090000000,10 000
RUBON=MCX,0,20130802,10:21:11,33.089000000,104 000
RUBON=MCX,0,20130802,10:21:20,33.090000000,7 000
RUBON=MCX,0,20130802,10:21:21,33.090000000,561 000
RUBON=MCX,0,20130802,10:21:34,33.090500000,100 000
RUBON=MCX,0,20130802,10:21:40,33.092000000,757 000
RUBON=MCX,0,20130802,10:21:42,33.092000000,243 000
RUBON=MCX,0,20130802,10:21:42,33.092000000,24 000
RUBON=MCX,0,20130802,10:21:57,33.090000000,939 000
RUBON=MCX,0,20130802,10:21:57,33.090000000,20 000
RUBON=MCX,0,20130802,10:21:57,33.090000000,10 000
RUBON=MCX,0,20130802,10:21:57,33.090000000,50 000
RUBON=MCX,0,20130802,10:22:01,33.090000000,300 000
RUBON=MCX,0,20130802,10:22:13,33.089000000,123 000
RUBON=MCX,0,20130802,10:22:15,33.089000000,273 000
RUBON=MCX,0,20130802,10:22:15,33.089000000,500 000
RUBON=MCX,0,20130802,10:22:15,33.089000000,123 000
RUBON=MCX,0,20130802,10:22:19,33.090000000,500 000
RUBON=MCX,0,20130802,10:22:22,33.087000000,98 000
RUBON=MCX,0,20130802,10:22:26,33.089000000,30 000
RUBON=MCX,0,20130802,10:22:26,33.087000000,13 000
RUBON=MCX,0,20130802,10:22:26,33.087000000,389 000
RUBON=MCX,0,20130802,10:22:26,33.087000000,255 000
RUBON=MCX,0,20130802,10:22:26,33.085000000,123 000
RUBON=MCX,0,20130802,10:22:26,33.085000000,70 000
RUBON=MCX,0,20130802,10:22:26,33.085000000,107 000
RUBON=MCX,0,20130802,10:22:26,33.085000000,93 000
RUBON=MCX,0,20130802,10:22:26,33.086000000,200 000
RUBON=MCX,0,20130802,10:22:26,33.086500000,7 000
RUBON=MCX,0,20130802,10:22:30,33.085000000,100 000
RUBON=MCX,0,20130802,10:22:33,33.086000000,5 000
RUBON=MCX,0,20130802,10:22:33,33.086000000,195 000
RUBON=MCX,0,20130802,10:22:33,33.086500000,5 000
RUBON=MCX,0,20130802,10:22:35,33.085000000,123 000
RUBON=MCX,0,20130802,10:22:35,33.085500000,2 000
RUBON=MCX,0,20130802,10:22:35,33.085500000,99 000
RUBON=MCX,0,20130802,10:22:35,33.085500000,5 000
RUBON=MCX,0,20130802,10:22:35,33.085000000,200 000
RUBON=MCX,0,20130802,10:22:35,33.085000000,14 000
RUBON=MCX,0,20130802,10:22:37,33.083000000,123 000
RUBON=MCX,0,20130802,10:22:52,33.084500000,23 000
RUBON=MCX,0,20130802,10:22:55,33.087000000,100 000
RUBON=MCX,0,20130802,10:23:08,33.085000000,1 000
RUBON=MCX,0,20130802,10:23:08,33.084500000,200 000
RUBON=MCX,0,20130802,10:23:08,33.084500000,177 000
RUBON=MCX,0,20130802,10:23:15,33.086500000,250 000
RUBON=MCX,0,20130802,10:23:24,33.084500000,500 000
RUBON=MCX,0,20130802,10:23:24,33.083000000,500 000
RUBON=MCX,0,20130802,10:23:24,33.082500000,700 000
RUBON=MCX,0,20130802,10:23:33,33.082000000,500 000
RUBON=MCX,0,20130802,10:23:34,33.080500000,200 000
RUBON=MCX,0,20130802,10:23:34,33.080500000,200 000
RUBON=MCX,0,20130802,10:23:40,33.083500000,24 000
RUBON=MCX,0,20130802,10:23:40,33.083500000,200 000
RUBON=MCX,0,20130802,10:23:40,33.084000000,1 000 000
RUBON=MCX,0,20130802,10:23:40,33.083500000,24 000
RUBON=MCX,0,20130802,10:23:40,33.084500000,500 000
RUBON=MCX,0,20130802,10:23:40,33.084500000,80 000
RUBON=MCX,0,20130802,10:23:40,33.084500000,252 000
RUBON=MCX,0,20130802,10:23:44,33.083000000,200 000
RUBON=MCX,0,20130802,10:23:44,33.083000000,1 000
RUBON=MCX,0,20130802,10:23:44,33.083000000,8 000
RUBON=MCX,0,20130802,10:23:44,33.083000000,200 000
RUBON=MCX,0,20130802,10:23:47,33.083000000,634 000
RUBON=MCX,0,20130802,10:24:03,33.083500000,1 000
RUBON=MCX,0,20130802,10:24:56,33.082500000,100 000
RUBON=MCX,0,20130802,10:24:57,33.082500000,273 000
RUBON=MCX,0,20130802,10:24:57,33.082500000,78 000
RUBON=MCX,0,20130802,10:25:05,33.082500000,222 000
RUBON=MCX,0,20130802,10:25:09,33.081000000,35 000
RUBON=MCX,0,20130802,10:25:09,33.080500000,250 000
RUBON=MCX,0,20130802,10:25:09,33.080000000,100 000
RUBON=MCX,0,20130802,10:25:09,33.080000000,60 000
RUBON=MCX,0,20130802,10:25:09,33.080000000,20 000
RUBON=MCX,0,20130802,10:25:09,33.080000000,1 000 000
RUBON=MCX,0,20130802,10:25:09,33.080000000,100 000
RUBON=MCX,0,20130802,10:25:09,33.080000000,500 000
RUBON=MCX,0,20130802,10:25:09,33.082000000,176 000
RUBON=MCX,0,20130802,10:25:12,33.079500000,500 000
RUBON=MCX,0,20130802,10:25:13,33.079500000,400 000
RUBON=MCX,0,20130802,10:25:13,33.079500000,140 000
RUBON=MCX,0,20130802,10:25:13,33.079500000,116 000
RUBON=MCX,0,20130802,10:25:13,33.079500000,220 000
RUBON=MCX,0,20130802,10:25:13,33.079500000,24 000
RUBON=MCX,0,20130802,10:25:19,33.080000000,300 000
RUBON=MCX,0,20130802,10:25:20,33.082000000,140 000
RUBON=MCX,0,20130802,10:25:20,33.082000000,412 000
RUBON=MCX,0,20130802,10:25:33,33.080000000,50 000
RUBON=MCX,0,20130802,10:25:33,33.082000000,206 000
RUBON=MCX,0,20130802,10:25:37,33.080000000,200 000
RUBON=MCX,0,20130802,10:25:37,33.080000000,200 000
RUBON=MCX,0,20130802,10:25:37,33.082000000,200 000
RUBON=MCX,0,20130802,10:25:42,33.079000000,840 000
RUBON=MCX,0,20130802,10:25:46,33.079000000,1 660 000
RUBON=MCX,0,20130802,10:25:46,33.079000000,61 000
RUBON=MCX,0,20130802,10:25:46,33.079000000,50 000
RUBON=MCX,0,20130802,10:26:02,33.081000000,10 000
RUBON=MCX,0,20130802,10:26:04,33.079500000,100 000
RUBON=MCX,0,20130802,10:26:04,33.079500000,50 000
RUBON=MCX,0,20130802,10:26:08,33.080000000,10 000
RUBON=MCX,0,20130802,10:26:14,33.079500000,321 000
RUBON=MCX,0,20130802,10:26:14,33.079500000,179 000
RUBON=MCX,0,20130802,10:26:15,33.080000000,500 000
RUBON=MCX,0,20130802,10:26:16,33.080000000,1 000
RUBON=MCX,0,20130802,10:26:26,33.079500000,9 000
RUBON=MCX,0,20130802,10:26:30,33.078000000,200 000
RUBON=MCX,0,20130802,10:26:35,33.079000000,100 000
RUBON=MCX,0,20130802,10:26:38,33.077500000,500 000
RUBON=MCX,0,20130802,10:26:38,33.077500000,120 000
RUBON=MCX,0,20130802,10:26:41,33.079000000,100 000
RUBON=MCX,0,20130802,10:26:41,33.079000000,9 000
RUBON=MCX,0,20130802,10:26:51,33.079500000,112 000
RUBON=MCX,0,20130802,10:26:51,33.079500000,200 000
RUBON=MCX,0,20130802,10:26:51,33.079000000,188 000
RUBON=MCX,0,20130802,10:26:52,33.079000000,1 000
RUBON=MCX,0,20130802,10:26:54,33.079000000,111 000
RUBON=MCX,0,20130802,10:26:55,33.079500000,140 000
RUBON=MCX,0,20130802,10:26:56,33.080000000,72 000
RUBON=MCX,0,20130802,10:26:59,33.077500000,1 000
RUBON=MCX,0,20130802,10:27:03,33.078000000,1 000
RUBON=MCX,0,20130802,10:27:03,33.079500000,424 000
RUBON=MCX,0,20130802,10:27:03,33.080000000,52 000
RUBON=MCX,0,20130802,10:27:04,33.080000000,95 000
RUBON=MCX,0,20130802,10:27:04,33.080000000,330 000
RUBON=MCX,0,20130802,10:27:04,33.080000000,66 000
RUBON=MCX,0,20130802,10:27:04,33.080000000,396 000
RUBON=MCX,0,20130802,10:27:05,33.080000000,600 000
RUBON=MCX,0,20130802,10:27:05,33.078000000,1 000
RUBON=MCX,0,20130802,10:27:08,33.078000000,1 000
RUBON=MCX,0,20130802,10:27:11,33.080000000,883 000
RUBON=MCX,0,20130802,10:27:12,33.080000000,300 000
RUBON=MCX,0,20130802,10:27:15,33.080000000,2 038 000
RUBON=MCX,0,20130802,10:27:18,33.079000000,1 000
RUBON=MCX,0,20130802,10:27:24,33.080000000,167 000
RUBON=MCX,0,20130802,10:27:25,33.081500000,668 000
RUBON=MCX,0,20130802,10:27:32,33.081500000,24 000
RUBON=MCX,0,20130802,10:27:38,33.080500000,200 000
RUBON=MCX,0,20130802,10:27:38,33.080000000,133 000
RUBON=MCX,0,20130802,10:27:38,33.080000000,10 000
RUBON=MCX,0,20130802,10:27:40,33.081500000,200 000
RUBON=MCX,0,20130802,10:27:45,33.081000000,70 000
RUBON=MCX,0,20130802,10:28:10,33.081000000,430 000
RUBON=MCX,0,20130802,10:28:10,33.081000000,500 000
RUBON=MCX,0,20130802,10:28:10,33.081000000,70 000
RUBON=MCX,0,20130802,10:28:11,33.081000000,25 000
RUBON=MCX,0,20130802,10:28:11,33.081000000,275 000
RUBON=MCX,0,20130802,10:28:12,33.079000000,155 000
RUBON=MCX,0,20130802,10:28:12,33.079000000,345 000
RUBON=MCX,0,20130802,10:28:16,33.078500000,60 000
RUBON=MCX,0,20130802,10:28:16,33.077500000,300 000
RUBON=MCX,0,20130802,10:28:18,33.078500000,18 000
RUBON=MCX,0,20130802,10:28:26,33.081500000,1 000
RUBON=MCX,0,20130802,10:28:41,33.079000000,60 000
RUBON=MCX,0,20130802,10:28:58,33.078500000,256 000
RUBON=MCX,0,20130802,10:28:59,33.080000000,500 000
RUBON=MCX,0,20130802,10:28:59,33.080000000,25 000
RUBON=MCX,0,20130802,10:28:59,33.080500000,18 000
RUBON=MCX,0,20130802,10:28:59,33.080500000,18 000
RUBON=MCX,0,20130802,10:28:59,33.080500000,7 000
RUBON=MCX,0,20130802,10:29:02,33.080000000,46 000
RUBON=MCX,0,20130802,10:29:03,33.080000000,179 000
RUBON=MCX,0,20130802,10:29:03,33.080000000,50 000
RUBON=MCX,0,20130802,10:29:03,33.080000000,200 000
RUBON=MCX,0,20130802,10:29:03,33.080000000,1 000 000
RUBON=MCX,0,20130802,10:29:03,33.078500000,184 000
RUBON=MCX,0,20130802,10:29:03,33.078500000,120 000
RUBON=MCX,0,20130802,10:29:03,33.078000000,500 000
RUBON=MCX,0,20130802,10:29:03,33.078000000,16 000
RUBON=MCX,0,20130802,10:29:05,33.078000000,10 000
RUBON=MCX,0,20130802,10:29:07,33.077000000,1 000 000
RUBON=MCX,0,20130802,10:29:08,33.078000000,50 000
RUBON=MCX,0,20130802,10:29:08,33.078000000,1 000
RUBON=MCX,0,20130802,10:29:09,33.077000000,11 000
RUBON=MCX,0,20130802,10:29:15,33.076000000,500 000
RUBON=MCX,0,20130802,10:29:15,33.076000000,1 000
RUBON=MCX,0,20130802,10:29:15,33.076000000,2 000
RUBON=MCX,0,20130802,10:29:15,33.076000000,197 000
RUBON=MCX,0,20130802,10:29:15,33.076000000,3 000
RUBON=MCX,0,20130802,10:29:15,33.076000000,200 000
RUBON=MCX,0,20130802,10:29:17,33.076500000,17 000
RUBON=MCX,0,20130802,10:29:23,33.076000000,1 000
RUBON=MCX,0,20130802,10:29:23,33.076000000,1 000
RUBON=MCX,0,20130802,10:29:34,33.076000000,1 000
RUBON=MCX,0,20130802,10:29:36,33.075500000,5 000
RUBON=MCX,0,20130802,10:29:38,33.075500000,2 000
RUBON=MCX,0,20130802,10:29:38,33.075500000,3 000
RUBON=MCX,0,20130802,10:29:38,33.075500000,197 000
RUBON=MCX,0,20130802,10:29:38,33.075500000,103 000
RUBON=MCX,0,20130802,10:29:38,33.075000000,500 000
RUBON=MCX,0,20130802,10:29:38,33.075000000,300 000
RUBON=MCX,0,20130802,10:29:38,33.075000000,50 000
RUBON=MCX,0,20130802,10:29:38,33.075000000,53 000
RUBON=MCX,0,20130802,10:29:38,33.075000000,157 000
RUBON=MCX,0,20130802,10:29:38,33.075000000,93 000
RUBON=MCX,0,20130802,10:29:38,33.075000000,109 000
RUBON=MCX,0,20130802,10:29:38,33.075000000,300 000
RUBON=MCX,0,20130802,10:29:38,33.075000000,400 000
RUBON=MCX,0,20130802,10:29:49,33.075500000,8 000
RUBON=MCX,0,20130802,10:29:49,33.076000000,359 000
RUBON=MCX,0,20130802,10:29:53,33.074500000,61 000
RUBON=MCX,0,20130802,10:29:55,33.075500000,500 000
RUBON=MCX,0,20130802,10:29:55,33.075500000,200 000
RUBON=MCX,0,20130802,10:30:06,33.074500000,200 000
RUBON=MCX,0,20130802,10:30:06,33.074500000,102 000
RUBON=MCX,0,20130802,10:30:07,33.074000000,2 000
RUBON=MCX,0,20130802,10:30:08,33.074000000,1 000
RUBON=MCX,0,20130802,10:30:13,33.073500000,200 000
RUBON=MCX,0,20130802,10:30:13,33.074000000,90 000
RUBON=MCX,0,20130802,10:30:13,33.074500000,90 000
RUBON=MCX,0,20130802,10:30:13,33.074500000,68 000
RUBON=MCX,0,20130802,10:30:13,33.074500000,41 000
RUBON=MCX,0,20130802,10:30:13,33.074500000,5 000
RUBON=MCX,0,20130802,10:30:18,33.074000000,3 000
RUBON=MCX,0,20130802,10:30:18,33.074000000,1 000
RUBON=MCX,0,20130802,10:30:22,33.074500000,200 000
RUBON=MCX,0,20130802,10:30:22,33.075000000,61 000
RUBON=MCX,0,20130802,10:30:27,33.072500000,500 000
RUBON=MCX,0,20130802,10:30:27,33.072500000,20 000
RUBON=MCX,0,20130802,10:30:28,33.073500000,500 000
RUBON=MCX,0,20130802,10:30:28,33.074000000,1 317 000
RUBON=MCX,0,20130802,10:30:28,33.074000000,40 000
RUBON=MCX,0,20130802,10:30:28,33.074000000,500 000
RUBON=MCX,0,20130802,10:30:28,33.074000000,500 000
RUBON=MCX,0,20130802,10:30:28,33.074000000,1 000 000
RUBON=MCX,0,20130802,10:30:28,33.074000000,200 000
RUBON=MCX,0,20130802,10:30:28,33.074000000,200 000
RUBON=MCX,0,20130802,10:30:28,33.074000000,46 000
RUBON=MCX,0,20130802,10:30:28,33.074000000,154 000
RUBON=MCX,0,20130802,10:30:28,33.074000000,297 000
RUBON=MCX,0,20130802,10:30:28,33.074000000,49 000
RUBON=MCX,0,20130802,10:30:33,33.072000000,500 000
RUBON=MCX,0,20130802,10:30:33,33.071500000,500 000
RUBON=MCX,0,20130802,10:30:33,33.071000000,300 000
RUBON=MCX,0,20130802,10:30:33,33.071000000,17 000
RUBON=MCX,0,20130802,10:30:34,33.072000000,500 000
RUBON=MCX,0,20130802,10:30:34,33.072000000,500 000
RUBON=MCX,0,20130802,10:30:34,33.071000000,321 000
RUBON=MCX,0,20130802,10:30:34,33.072000000,500 000
RUBON=MCX,0,20130802,10:30:34,33.071500000,500 000
RUBON=MCX,0,20130802,10:30:34,33.071000000,321 000
RUBON=MCX,0,20130802,10:30:35,33.071000000,300 000
RUBON=MCX,0,20130802,10:30:35,33.071000000,200 000
RUBON=MCX,0,20130802,10:30:35,33.071000000,100 000
RUBON=MCX,0,20130802,10:30:41,33.074000000,450 000
RUBON=MCX,0,20130802,10:30:42,33.073000000,200 000
RUBON=MCX,0,20130802,10:30:42,33.073500000,1 000
RUBON=MCX,0,20130802,10:30:42,33.074000000,50 000
RUBON=MCX,0,20130802,10:30:42,33.074000000,150 000
RUBON=MCX,0,20130802,10:30:42,33.073500000,13 000
RUBON=MCX,0,20130802,10:30:42,33.071500000,200 000
RUBON=MCX,0,20130802,10:30:42,33.071500000,140 000
RUBON=MCX,0,20130802,10:30:42,33.071000000,500 000
RUBON=MCX,0,20130802,10:30:42,33.071000000,436 000
RUBON=MCX,0,20130802,10:30:42,33.071000000,32 000
RUBON=MCX,0,20130802,10:30:45,33.071500000,14 000
RUBON=MCX,0,20130802,10:30:50,33.071500000,318 000
RUBON=MCX,0,20130802,10:30:50,33.070000000,143 000
RUBON=MCX,0,20130802,10:30:50,33.070000000,106 000
RUBON=MCX,0,20130802,10:30:52,33.072000000,146 000
RUBON=MCX,0,20130802,10:30:52,33.072500000,146 000
RUBON=MCX,0,20130802,10:30:52,33.072500000,200 000
RUBON=MCX,0,20130802,10:30:52,33.072500000,90 000
RUBON=MCX,0,20130802,10:30:52,33.073000000,500 000
RUBON=MCX,0,20130802,10:30:52,33.072500000,330 000
RUBON=MCX,0,20130802,10:30:52,33.073500000,200 000
RUBON=MCX,0,20130802,10:30:52,33.074000000,25 000
RUBON=MCX,0,20130802,10:30:52,33.073500000,300 000
RUBON=MCX,0,20130802,10:30:52,33.072500000,330 000
RUBON=MCX,0,20130802,10:30:52,33.073500000,174 000
RUBON=MCX,0,20130802,10:30:53,33.072500000,991 000
RUBON=MCX,0,20130802,10:30:53,33.072500000,1 321 000
RUBON=MCX,0,20130802,10:30:53,33.072500000,1 321 000
RUBON=MCX,0,20130802,10:30:54,33.073000000,500 000
RUBON=MCX,0,20130802,10:30:54,33.072500000,122 000
RUBON=MCX,0,20130802,10:30:54,33.072500000,1 321 000
RUBON=MCX,0,20130802,10:30:55,33.071000000,30 000
RUBON=MCX,0,20130802,10:30:59,33.072500000,700 000
RUBON=MCX,0,20130802,10:30:59,33.072500000,207 000
RUBON=MCX,0,20130802,10:30:59,33.072500000,1 321 000
RUBON=MCX,0,20130802,10:31:00,33.074000000,500 000
RUBON=MCX,0,20130802,10:31:00,33.074000000,20 000
RUBON=MCX,0,20130802,10:31:00,33.074000000,20 000
RUBON=MCX,0,20130802,10:31:00,33.074000000,167 000
RUBON=MCX,0,20130802,10:31:00,33.072500000,1 154 000
RUBON=MCX,0,20130802,10:31:08,33.073500000,42 000
RUBON=MCX,0,20130802,10:31:08,33.073500000,5 000
RUBON=MCX,0,20130802,10:31:08,33.072500000,143 000
RUBON=MCX,0,20130802,10:31:08,33.072500000,42 000
RUBON=MCX,0,20130802,10:31:08,33.073500000,42 000
RUBON=MCX,0,20130802,10:31:08,33.072500000,261 000
RUBON=MCX,0,20130802,10:31:08,33.070500000,219 000
RUBON=MCX,0,20130802,10:31:13,33.070000000,251 000
RUBON=MCX,0,20130802,10:31:13,33.070000000,140 000
RUBON=MCX,0,20130802,10:31:13,33.070000000,6 000
RUBON=MCX,0,20130802,10:31:13,33.070000000,924 000
RUBON=MCX,0,20130802,10:31:14,33.070000000,1 127 000
RUBON=MCX,0,20130802,10:31:15,33.072500000,264 000
RUBON=MCX,0,20130802,10:31:23,33.072000000,80 000
RUBON=MCX,0,20130802,10:31:26,33.072000000,96 000
RUBON=MCX,0,20130802,10:31:34,33.072000000,200 000
RUBON=MCX,0,20130802,10:31:38,33.072500000,1 000
RUBON=MCX,0,20130802,10:31:38,33.072500000,200 000
RUBON=MCX,0,20130802,10:31:42,33.072500000,799 000
RUBON=MCX,0,20130802,10:31:42,33.072500000,251 000
RUBON=MCX,0,20130802,10:31:46,33.073500000,200 000
RUBON=MCX,0,20130802,10:31:46,33.073500000,137 000
RUBON=MCX,0,20130802,10:31:46,33.073500000,113 000
RUBON=MCX,0,20130802,10:31:46,33.073500000,87 000
RUBON=MCX,0,20130802,10:31:54,33.073500000,57 000
RUBON=MCX,0,20130802,10:32:25,33.072000000,26 000
RUBON=MCX,0,20130802,10:32:25,33.072000000,251 000
RUBON=MCX,0,20130802,10:32:25,33.072000000,200 000
RUBON=MCX,0,20130802,10:32:25,33.072000000,223 000
RUBON=MCX,0,20130802,10:32:31,33.070500000,111 000
RUBON=MCX,0,20130802,10:32:37,33.070500000,46 000
RUBON=MCX,0,20130802,10:32:40,33.070500000,123 000
RUBON=MCX,0,20130802,10:32:40,33.070500000,200 000
RUBON=MCX,0,20130802,10:32:45,33.070500000,10 000
RUBON=MCX,0,20130802,10:32:48,33.070500000,123 000
RUBON=MCX,0,20130802,10:32:58,33.071000000,200 000
RUBON=MCX,0,20130802,10:33:02,33.072500000,200 000
RUBON=MCX,0,20130802,10:33:03,33.070500000,2 000
RUBON=MCX,0,20130802,10:33:05,33.071000000,3 000
RUBON=MCX,0,20130802,10:33:10,33.070500000,123 000
RUBON=MCX,0,20130802,10:33:12,33.070500000,123 000
RUBON=MCX,0,20130802,10:33:19,33.072000000,25 000
RUBON=MCX,0,20130802,10:33:19,33.072000000,200 000
RUBON=MCX,0,20130802,10:33:19,33.072000000,11 000
RUBON=MCX,0,20130802,10:33:19,33.072000000,64 000
RUBON=MCX,0,20130802,10:33:25,33.073000000,200 000
RUBON=MCX,0,20130802,10:33:25,33.073000000,200 000
RUBON=MCX,0,20130802,10:33:25,33.072500000,900 000
RUBON=MCX,0,20130802,10:33:25,33.072500000,200 000
RUBON=MCX,0,20130802,10:33:25,33.071000000,1 000
RUBON=MCX,0,20130802,10:33:34,33.073000000,75 000
RUBON=MCX,0,20130802,10:33:34,33.073500000,200 000
RUBON=MCX,0,20130802,10:33:41,33.074000000,30 000
RUBON=MCX,0,20130802,10:33:41,33.074000000,140 000
RUBON=MCX,0,20130802,10:33:41,33.074000000,200 000
RUBON=MCX,0,20130802,10:33:41,33.074500000,147 000
RUBON=MCX,0,20130802,10:33:41,33.074500000,549 000
RUBON=MCX,0,20130802,10:33:41,33.074500000,1 389 000
RUBON=MCX,0,20130802,10:33:41,33.074500000,355 000
RUBON=MCX,0,20130802,10:33:41,33.074500000,761 000
RUBON=MCX,0,20130802,10:33:41,33.074500000,500 000
RUBON=MCX,0,20130802,10:33:41,33.074500000,145 000
RUBON=MCX,0,20130802,10:33:41,33.074500000,3 000
RUBON=MCX,0,20130802,10:33:41,33.074500000,106 000
RUBON=MCX,0,20130802,10:33:41,33.074500000,395 000
RUBON=MCX,0,20130802,10:33:41,33.074500000,279 000
RUBON=MCX,0,20130802,10:33:41,33.074500000,270 000
RUBON=MCX,0,20130802,10:33:42,33.074500000,20 000
RUBON=MCX,0,20130802,10:33:42,33.074000000,143 000
RUBON=MCX,0,20130802,10:33:42,33.074000000,357 000
RUBON=MCX,0,20130802,10:33:43,33.074000000,250 000
RUBON=MCX,0,20130802,10:33:43,33.074500000,250 000
RUBON=MCX,0,20130802,10:33:43,33.074500000,550 000
RUBON=MCX,0,20130802,10:33:43,33.074500000,42 000
RUBON=MCX,0,20130802,10:33:43,33.074500000,200 000
RUBON=MCX,0,20130802,10:33:43,33.074500000,500 000
RUBON=MCX,0,20130802,10:33:43,33.074500000,2 015 000
RUBON=MCX,0,20130802,10:33:43,33.074500000,500 000
RUBON=MCX,0,20130802,10:33:43,33.074500000,500 000
RUBON=MCX,0,20130802,10:33:43,33.074500000,25 000
RUBON=MCX,0,20130802,10:33:43,33.074500000,20 000
RUBON=MCX,0,20130802,10:33:43,33.074500000,20 000
RUBON=MCX,0,20130802,10:33:43,33.074000000,500 000
RUBON=MCX,0,20130802,10:33:43,33.074500000,116 000
RUBON=MCX,0,20130802,10:33:52,33.075000000,46 000
RUBON=MCX,0,20130802,10:33:59,33.075000000,232 000
RUBON=MCX,0,20130802,10:34:01,33.074000000,50 000
RUBON=MCX,0,20130802,10:34:01,33.074000000,29 000
RUBON=MCX,0,20130802,10:34:05,33.075500000,90 000
RUBON=MCX,0,20130802,10:34:22,33.075000000,2 000
RUBON=MCX,0,20130802,10:34:24,33.075000000,1 000
RUBON=MCX,0,20130802,10:34:25,33.075000000,3 000
RUBON=MCX,0,20130802,10:34:26,33.074500000,435 000
RUBON=MCX,0,20130802,10:34:29,33.075000000,94 000
RUBON=MCX,0,20130802,10:34:29,33.075000000,906 000
RUBON=MCX,0,20130802,10:34:29,33.075000000,2 300 000
RUBON=MCX,0,20130802,10:34:32,33.073000000,200 000
RUBON=MCX,0,20130802,10:34:32,33.072500000,500 000
RUBON=MCX,0,20130802,10:34:32,33.072500000,300 000
RUBON=MCX,0,20130802,10:34:34,33.075000000,200 000
RUBON=MCX,0,20130802,10:34:34,33.075000000,44 000
RUBON=MCX,0,20130802,10:34:50,33.076500000,161 000
RUBON=MCX,0,20130802,10:35:11,33.076500000,200 000
RUBON=MCX,0,20130802,10:35:11,33.076500000,336 000
RUBON=MCX,0,20130802,10:35:11,33.076500000,1 464 000
RUBON=MCX,0,20130802,10:35:11,33.077000000,17 000
RUBON=MCX,0,20130802,10:35:16,33.075000000,300 000
RUBON=MCX,0,20130802,10:35:19,33.077000000,40 000
RUBON=MCX,0,20130802,10:35:31,33.077000000,110 000
RUBON=MCX,0,20130802,10:35:48,33.079500000,248 000
RUBON=MCX,0,20130802,10:36:38,33.078000000,50 000
RUBON=MCX,0,20130802,10:36:40,33.077500000,61 000
RUBON=MCX,0,20130802,10:36:40,33.077500000,290 000
RUBON=MCX,0,20130802,10:37:15,33.077500000,100 000
RUBON=MCX,0,20130802,10:37:16,33.079500000,26 000
RUBON=MCX,0,20130802,10:37:18,33.077500000,1 500 000
RUBON=MCX,0,20130802,10:37:31,33.079500000,9 000
RUBON=MCX,0,20130802,10:37:39,33.076500000,1 000
RUBON=MCX,0,20130802,10:37:40,33.079500000,35 000
RUBON=MCX,0,20130802,10:37:42,33.079500000,182 000
RUBON=MCX,0,20130802,10:37:42,33.079500000,500 000
RUBON=MCX,0,20130802,10:37:42,33.079500000,200 000
RUBON=MCX,0,20130802,10:37:42,33.079500000,298 000
RUBON=MCX,0,20130802,10:37:53,33.077500000,30 000
RUBON=MCX,0,20130802,10:37:55,33.075500000,50 000
RUBON=MCX,0,20130802,10:37:55,33.075000000,116 000
RUBON=MCX,0,20130802,10:37:55,33.075000000,300 000
RUBON=MCX,0,20130802,10:37:55,33.075000000,115 000
RUBON=MCX,0,20130802,10:38:00,33.075500000,1 000
RUBON=MCX,0,20130802,10:38:02,33.075500000,139 000
RUBON=MCX,0,20130802,10:38:09,33.079500000,50 000
RUBON=MCX,0,20130802,10:38:13,33.076000000,80 000
RUBON=MCX,0,20130802,10:38:19,33.076000000,120 000
RUBON=MCX,0,20130802,10:38:34,33.075500000,5 000
RUBON=MCX,0,20130802,10:38:34,33.075500000,140 000
RUBON=MCX,0,20130802,10:38:34,33.075000000,1 000 000
RUBON=MCX,0,20130802,10:38:34,33.075000000,139 000
RUBON=MCX,0,20130802,10:38:38,33.075000000,261 000
RUBON=MCX,0,20130802,10:38:41,33.078000000,20 000
RUBON=MCX,0,20130802,10:38:41,33.075000000,500 000
RUBON=MCX,0,20130802,10:38:41,33.075000000,175 000
RUBON=MCX,0,20130802,10:38:41,33.075000000,200 000
RUBON=MCX,0,20130802,10:38:41,33.078000000,40 000
RUBON=MCX,0,20130802,10:38:41,33.078000000,20 000
RUBON=MCX,0,20130802,10:38:45,33.077500000,3 000
RUBON=MCX,0,20130802,10:38:48,33.074500000,500 000
RUBON=MCX,0,20130802,10:38:50,33.074500000,500 000
RUBON=MCX,0,20130802,10:38:52,33.075000000,300 000
RUBON=MCX,0,20130802,10:39:14,33.074000000,17 000
RUBON=MCX,0,20130802,10:39:14,33.074000000,3 000
RUBON=MCX,0,20130802,10:39:25,33.075000000,300 000
RUBON=MCX,0,20130802,10:39:25,33.074500000,30 000
RUBON=MCX,0,20130802,10:39:28,33.074500000,126 000
RUBON=MCX,0,20130802,10:39:29,33.074000000,17 000
RUBON=MCX,0,20130802,10:39:29,33.074000000,10 000
RUBON=MCX,0,20130802,10:39:29,33.074000000,17 000
RUBON=MCX,0,20130802,10:39:31,33.073000000,100 000
RUBON=MCX,0,20130802,10:39:31,33.073000000,100 000
RUBON=MCX,0,20130802,10:39:31,33.073000000,244 000
RUBON=MCX,0,20130802,10:39:31,33.073000000,54 000
RUBON=MCX,0,20130802,10:39:36,33.075000000,1 000
RUBON=MCX,0,20130802,10:39:36,33.075000000,300 000
RUBON=MCX,0,20130802,10:39:36,33.076000000,10 000
RUBON=MCX,0,20130802,10:39:36,33.076000000,990 000
RUBON=MCX,0,20130802,10:39:44,33.076500000,200 000
RUBON=MCX,0,20130802,10:39:44,33.076500000,200 000
RUBON=MCX,0,20130802,10:39:50,33.075000000,50 000
RUBON=MCX,0,20130802,10:39:53,33.075000000,500 000
RUBON=MCX,0,20130802,10:39:55,33.074000000,200 000
RUBON=MCX,0,20130802,10:39:55,33.074000000,64 000
RUBON=MCX,0,20130802,10:39:58,33.074000000,1 000
RUBON=MCX,0,20130802,10:40:02,33.074000000,35 000
RUBON=MCX,0,20130802,10:40:06,33.074000000,165 000
RUBON=MCX,0,20130802,10:40:11,33.077000000,15 000
RUBON=MCX,0,20130802,10:40:12,33.075000000,312 000
RUBON=MCX,0,20130802,10:40:26,33.077000000,500 000
RUBON=MCX,0,20130802,10:40:26,33.077500000,200 000
RUBON=MCX,0,20130802,10:40:26,33.078000000,1 000 000
RUBON=MCX,0,20130802,10:40:26,33.078500000,137 000
RUBON=MCX,0,20130802,10:40:26,33.079000000,500 000
RUBON=MCX,0,20130802,10:40:26,33.079000000,500 000
RUBON=MCX,0,20130802,10:40:26,33.079000000,182 000
RUBON=MCX,0,20130802,10:40:39,33.078500000,500 000
RUBON=MCX,0,20130802,10:40:39,33.079000000,500 000
RUBON=MCX,0,20130802,10:40:39,33.079000000,1 000 000
RUBON=MCX,0,20130802,10:40:39,33.079500000,200 000
RUBON=MCX,0,20130802,10:40:39,33.080000000,1 000 000
RUBON=MCX,0,20130802,10:40:39,33.080000000,1 000 000
RUBON=MCX,0,20130802,10:40:39,33.080000000,1 300 000
RUBON=MCX,0,20130802,10:40:40,33.080000000,300 000
RUBON=MCX,0,20130802,10:40:41,33.078000000,46 000
RUBON=MCX,0,20130802,10:40:43,33.079500000,329 000
RUBON=MCX,0,20130802,10:40:43,33.079500000,171 000
RUBON=MCX,0,20130802,10:40:45,33.078000000,200 000
RUBON=MCX,0,20130802,10:40:57,33.078000000,100 000
RUBON=MCX,0,20130802,10:40:57,33.077500000,23 000
RUBON=MCX,0,20130802,10:41:35,33.077000000,11 000
RUBON=MCX,0,20130802,10:41:41,33.077500000,816 000
RUBON=MCX,0,20130802,10:41:41,33.077500000,500 000
RUBON=MCX,0,20130802,10:41:41,33.077500000,200 000
RUBON=MCX,0,20130802,10:41:41,33.077500000,230 000
RUBON=MCX,0,20130802,10:41:41,33.077500000,32 000
RUBON=MCX,0,20130802,10:41:41,33.077500000,100 000
RUBON=MCX,0,20130802,10:41:41,33.077500000,500 000
RUBON=MCX,0,20130802,10:41:41,33.077500000,3 000
RUBON=MCX,0,20130802,10:41:41,33.077500000,3 000
RUBON=MCX,0,20130802,10:41:43,33.077500000,12 000
RUBON=MCX,0,20130802,10:41:44,33.077500000,6 000
RUBON=MCX,0,20130802,10:41:46,33.077500000,24 000
RUBON=MCX,0,20130802,10:41:46,33.079000000,24 000
RUBON=MCX,0,20130802,10:41:47,33.078500000,100 000
RUBON=MCX,0,20130802,10:41:47,33.078500000,200 000
RUBON=MCX,0,20130802,10:41:47,33.078500000,200 000
RUBON=MCX,0,20130802,10:41:47,33.078500000,300 000
RUBON=MCX,0,20130802,10:41:47,33.078500000,65 000
RUBON=MCX,0,20130802,10:41:47,33.078500000,100 000
RUBON=MCX,0,20130802,10:41:47,33.078500000,35 000
RUBON=MCX,0,20130802,10:41:50,33.078000000,19 000
RUBON=MCX,0,20130802,10:41:51,33.079000000,500 000
RUBON=MCX,0,20130802,10:41:52,33.078000000,400 000
RUBON=MCX,0,20130802,10:41:52,33.078000000,81 000
RUBON=MCX,0,20130802,10:41:52,33.077500000,500 000
RUBON=MCX,0,20130802,10:41:52,33.079000000,360 000
RUBON=MCX,0,20130802,10:41:57,33.078000000,250 000
RUBON=MCX,0,20130802,10:41:57,33.078000000,200 000
RUBON=MCX,0,20130802,10:41:57,33.078500000,249 000
RUBON=MCX,0,20130802,10:42:06,33.077000000,62 000
RUBON=MCX,0,20130802,10:42:06,33.077000000,50 000
RUBON=MCX,0,20130802,10:42:15,33.077000000,50 000
RUBON=MCX,0,20130802,10:42:24,33.077000000,65 000
RUBON=MCX,0,20130802,10:43:08,33.079000000,36 000
RUBON=MCX,0,20130802,10:43:12,33.079000000,12 000
RUBON=MCX,0,20130802,10:43:16,33.077000000,35 000
RUBON=MCX,0,20130802,10:43:16,33.077000000,100 000
RUBON=MCX,0,20130802,10:43:22,33.076000000,494 000
RUBON=MCX,0,20130802,10:43:22,33.076000000,278 000
RUBON=MCX,0,20130802,10:43:25,33.077500000,500 000
RUBON=MCX,0,20130802,10:43:25,33.078000000,500 000
RUBON=MCX,0,20130802,10:43:32,33.076000000,100 000
RUBON=MCX,0,20130802,10:43:32,33.078000000,165 000
RUBON=MCX,0,20130802,10:43:38,33.076000000,40 000
RUBON=MCX,0,20130802,10:43:38,33.076000000,60 000
RUBON=MCX,0,20130802,10:43:59,33.075500000,500 000
RUBON=MCX,0,20130802,10:43:59,33.075500000,500 000
RUBON=MCX,0,20130802,10:44:18,33.077500000,124 000
RUBON=MCX,0,20130802,10:44:27,33.077000000,200 000
RUBON=MCX,0,20130802,10:44:46,33.078500000,200 000
RUBON=MCX,0,20130802,10:44:46,33.078500000,140 000
RUBON=MCX,0,20130802,10:44:46,33.078500000,190 000
RUBON=MCX,0,20130802,10:44:50,33.076000000,50 000
RUBON=MCX,0,20130802,10:44:50,33.077000000,50 000
RUBON=MCX,0,20130802,10:44:56,33.077000000,150 000
RUBON=MCX,0,20130802,10:44:56,33.077500000,200 000
RUBON=MCX,0,20130802,10:44:56,33.077500000,500 000
RUBON=MCX,0,20130802,10:44:56,33.077500000,650 000
RUBON=MCX,0,20130802,10:44:56,33.075500000,165 000
RUBON=MCX,0,20130802,10:44:56,33.075500000,140 000
RUBON=MCX,0,20130802,10:44:56,33.075500000,13 000
RUBON=MCX,0,20130802,10:44:56,33.075500000,200 000
RUBON=MCX,0,20130802,10:44:56,33.075500000,132 000
RUBON=MCX,0,20130802,10:45:24,33.078500000,45 000
RUBON=MCX,0,20130802,10:45:26,33.076000000,5 000
RUBON=MCX,0,20130802,10:45:35,33.078500000,95 000
RUBON=MCX,0,20130802,10:45:35,33.079000000,46 000
RUBON=MCX,0,20130802,10:45:44,33.077500000,200 000
RUBON=MCX,0,20130802,10:45:46,33.077500000,200 000
RUBON=MCX,0,20130802,10:45:49,33.077500000,20 000
RUBON=MCX,0,20130802,10:45:54,33.078500000,70 000
RUBON=MCX,0,20130802,10:46:24,33.078000000,300 000
RUBON=MCX,0,20130802,10:46:28,33.078000000,30 000
RUBON=MCX,0,20130802,10:46:32,33.078000000,170 000
RUBON=MCX,0,20130802,10:46:50,33.077500000,52 000
RUBON=MCX,0,20130802,10:46:50,33.077500000,148 000
RUBON=MCX,0,20130802,10:47:03,33.077500000,144 000
RUBON=MCX,0,20130802,10:47:12,33.078000000,200 000
RUBON=MCX,0,20130802,10:47:25,33.077000000,3 000
RUBON=MCX,0,20130802,10:47:30,33.078000000,300 000
RUBON=MCX,0,20130802,10:47:30,33.078000000,200 000
RUBON=MCX,0,20130802,10:47:31,33.078000000,800 000
RUBON=MCX,0,20130802,10:47:42,33.078000000,56 000
RUBON=MCX,0,20130802,10:48:10,33.078500000,61 000
RUBON=MCX,0,20130802,10:48:11,33.078500000,139 000
RUBON=MCX,0,20130802,10:48:17,33.078500000,200 000
RUBON=MCX,0,20130802,10:48:17,33.078500000,161 000
RUBON=MCX,0,20130802,10:48:22,33.078500000,200 000
RUBON=MCX,0,20130802,10:48:22,33.079000000,22 000
RUBON=MCX,0,20130802,10:48:22,33.079000000,478 000
RUBON=MCX,0,20130802,10:48:22,33.079000000,22 000
RUBON=MCX,0,20130802,10:48:22,33.079000000,200 000
RUBON=MCX,0,20130802,10:48:22,33.079000000,274 000
RUBON=MCX,0,20130802,10:48:23,33.079000000,26 000
RUBON=MCX,0,20130802,10:48:26,33.079000000,7 000
RUBON=MCX,0,20130802,10:48:30,33.079000000,29 000
RUBON=MCX,0,20130802,10:48:30,33.079000000,10 000
RUBON=MCX,0,20130802,10:48:30,33.079000000,190 000
RUBON=MCX,0,20130802,10:48:31,33.080000000,400 000
RUBON=MCX,0,20130802,10:48:31,33.080000000,1 353 000
RUBON=MCX,0,20130802,10:48:33,33.080000000,300 000
RUBON=MCX,0,20130802,10:48:35,33.080000000,200 000
RUBON=MCX,0,20130802,10:48:35,33.080000000,190 000
RUBON=MCX,0,20130802,10:48:40,33.080000000,530 000
RUBON=MCX,0,20130802,10:48:42,33.080000000,427 000
RUBON=MCX,0,20130802,10:48:42,33.080000000,300 000
RUBON=MCX,0,20130802,10:48:42,33.080000000,255 000
RUBON=MCX,0,20130802,10:48:42,33.080000000,2 107 000
RUBON=MCX,0,20130802,10:48:42,33.080000000,200 000
RUBON=MCX,0,20130802,10:48:42,33.080000000,3 000
RUBON=MCX,0,20130802,10:48:42,33.081500000,200 000
RUBON=MCX,0,20130802,10:48:47,33.082000000,500 000
RUBON=MCX,0,20130802,10:48:47,33.082000000,200 000
RUBON=MCX,0,20130802,10:48:47,33.082000000,200 000
RUBON=MCX,0,20130802,10:48:47,33.082000000,788 000
RUBON=MCX,0,20130802,10:49:00,33.082000000,1 000 000
RUBON=MCX,0,20130802,10:49:01,33.082000000,312 000
RUBON=MCX,0,20130802,10:49:01,33.083000000,1 000 000
RUBON=MCX,0,20130802,10:49:07,33.083500000,10 000
RUBON=MCX,0,20130802,10:49:07,33.083500000,190 000
RUBON=MCX,0,20130802,10:49:07,33.083000000,200 000
RUBON=MCX,0,20130802,10:49:07,33.083000000,10 000
RUBON=MCX,0,20130802,10:49:11,33.083000000,478 000
RUBON=MCX,0,20130802,10:49:11,33.085000000,200 000
RUBON=MCX,0,20130802,10:49:11,33.085000000,200 000
RUBON=MCX,0,20130802,10:49:11,33.085000000,200 000
RUBON=MCX,0,20130802,10:49:11,33.085000000,400 000
RUBON=MCX,0,20130802,10:49:24,33.085000000,162 000
RUBON=MCX,0,20130802,10:49:24,33.084500000,410 000
RUBON=MCX,0,20130802,10:49:40,33.082000000,500 000
RUBON=MCX,0,20130802,10:49:42,33.084500000,200 000
RUBON=MCX,0,20130802,10:49:42,33.084500000,170 000
RUBON=MCX,0,20130802,10:49:45,33.084500000,11 000
RUBON=MCX,0,20130802,10:49:45,33.084500000,7 000
RUBON=MCX,0,20130802,10:49:48,33.085000000,500 000
RUBON=MCX,0,20130802,10:49:48,33.085000000,1 000 000
RUBON=MCX,0,20130802,10:49:49,33.084500000,50 000
RUBON=MCX,0,20130802,10:49:49,33.085000000,290 000
RUBON=MCX,0,20130802,10:50:03,33.083500000,1 000
RUBON=MCX,0,20130802,10:50:06,33.085000000,115 000
RUBON=MCX,0,20130802,10:50:11,33.082500000,22 000
RUBON=MCX,0,20130802,10:50:22,33.082000000,90 000
RUBON=MCX,0,20130802,10:50:25,33.085000000,10 000
RUBON=MCX,0,20130802,10:50:33,33.083000000,50 000
RUBON=MCX,0,20130802,10:50:35,33.083000000,2 000
RUBON=MCX,0,20130802,10:50:35,33.083000000,1 000
RUBON=MCX,0,20130802,10:50:35,33.083000000,486 000
RUBON=MCX,0,20130802,10:50:35,33.085000000,585 000
RUBON=MCX,0,20130802,10:50:35,33.085000000,249 000
RUBON=MCX,0,20130802,10:50:35,33.084500000,35 000
RUBON=MCX,0,20130802,10:50:47,33.085000000,1 000 000
RUBON=MCX,0,20130802,10:50:59,33.084500000,226 000
RUBON=MCX,0,20130802,10:50:59,33.085000000,4 000
RUBON=MCX,0,20130802,10:51:03,33.083000000,70 000
RUBON=MCX,0,20130802,10:51:05,33.083500000,383 000
RUBON=MCX,0,20130802,10:51:08,33.083000000,34 000
RUBON=MCX,0,20130802,10:51:13,33.081500000,200 000
RUBON=MCX,0,20130802,10:51:13,33.082000000,196 000
RUBON=MCX,0,20130802,10:51:17,33.080500000,15 000
RUBON=MCX,0,20130802,10:51:21,33.080000000,8 000
RUBON=MCX,0,20130802,10:51:21,33.080000000,50 000
RUBON=MCX,0,20130802,10:51:21,33.080000000,50 000
RUBON=MCX,0,20130802,10:51:21,33.080000000,29 000
RUBON=MCX,0,20130802,10:51:21,33.080000000,363 000
RUBON=MCX,0,20130802,10:51:23,33.080000000,137 000
RUBON=MCX,0,20130802,10:51:23,33.080000000,50 000
RUBON=MCX,0,20130802,10:51:23,33.080000000,1 550 000
RUBON=MCX,0,20130802,10:51:23,33.080000000,1 000 000
RUBON=MCX,0,20130802,10:51:23,33.080000000,13 000
RUBON=MCX,0,20130802,10:51:23,33.080000000,400 000
RUBON=MCX,0,20130802,10:51:27,33.080000000,87 000
RUBON=MCX,0,20130802,10:51:27,33.080000000,13 000
RUBON=MCX,0,20130802,10:51:27,33.079000000,300 000
RUBON=MCX,0,20130802,10:51:27,33.079000000,300 000
RUBON=MCX,0,20130802,10:51:27,33.079000000,200 000
RUBON=MCX,0,20130802,10:51:27,33.080000000,270 000
RUBON=MCX,0,20130802,10:51:32,33.079500000,191 000
RUBON=MCX,0,20130802,10:51:32,33.079500000,36 000
RUBON=MCX,0,20130802,10:51:33,33.079500000,247 000
RUBON=MCX,0,20130802,10:51:33,33.080000000,217 000
RUBON=MCX,0,20130802,10:51:33,33.080000000,75 000
RUBON=MCX,0,20130802,10:51:33,33.080000000,412 000
RUBON=MCX,0,20130802,10:51:46,33.080000000,300 000
RUBON=MCX,0,20130802,10:51:49,33.078500000,20 000
RUBON=MCX,0,20130802,10:52:10,33.080000000,132 000
RUBON=MCX,0,20130802,10:52:17,33.080000000,1 156 000
RUBON=MCX,0,20130802,10:52:17,33.080000000,165 000
RUBON=MCX,0,20130802,10:52:28,33.082000000,100 000
RUBON=MCX,0,20130802,10:52:38,33.082000000,196 000
RUBON=MCX,0,20130802,10:52:41,33.082000000,1 200 000
RUBON=MCX,0,20130802,10:53:03,33.082000000,604 000
RUBON=MCX,0,20130802,10:53:03,33.082500000,200 000
RUBON=MCX,0,20130802,10:53:04,33.082500000,300 000
RUBON=MCX,0,20130802,10:53:04,33.082500000,500 000
RUBON=MCX,0,20130802,10:53:07,33.082000000,500 000
RUBON=MCX,0,20130802,10:53:07,33.082000000,12 000
RUBON=MCX,0,20130802,10:53:07,33.082000000,11 000
RUBON=MCX,0,20130802,10:53:18,33.081000000,1 427 000
RUBON=MCX,0,20130802,10:53:18,33.081000000,1 000
RUBON=MCX,0,20130802,10:53:18,33.081000000,1 000
RUBON=MCX,0,20130802,10:53:20,33.082000000,500 000
RUBON=MCX,0,20130802,10:53:20,33.082000000,1 500 000
RUBON=MCX,0,20130802,10:53:20,33.082000000,500 000
RUBON=MCX,0,20130802,10:53:20,33.082500000,500 000
RUBON=MCX,0,20130802,10:53:26,33.083000000,1 000
RUBON=MCX,0,20130802,10:53:35,33.083000000,300 000
RUBON=MCX,0,20130802,10:53:35,33.083000000,428 000
RUBON=MCX,0,20130802,10:53:37,33.083000000,1 000 000
RUBON=MCX,0,20130802,10:53:38,33.083000000,13 000
RUBON=MCX,0,20130802,10:53:38,33.083000000,1 000
RUBON=MCX,0,20130802,10:53:39,33.083000000,8 000
RUBON=MCX,0,20130802,10:53:39,33.083000000,9 000
RUBON=MCX,0,20130802,10:53:39,33.083000000,240 000
RUBON=MCX,0,20130802,10:53:45,33.085000000,1 000
RUBON=MCX,0,20130802,10:53:48,33.085000000,50 000
RUBON=MCX,0,20130802,10:53:50,33.085000000,7 000
RUBON=MCX,0,20130802,10:54:05,33.083500000,5 000
RUBON=MCX,0,20130802,10:54:08,33.085000000,689 000
RUBON=MCX,0,20130802,10:54:08,33.085000000,561 000
RUBON=MCX,0,20130802,10:54:09,33.085000000,31 000
RUBON=MCX,0,20130802,10:54:11,33.085000000,61 000
RUBON=MCX,0,20130802,10:54:12,33.083500000,15 000
RUBON=MCX,0,20130802,10:54:12,33.083500000,3 000
RUBON=MCX,0,20130802,10:54:13,33.083500000,467 000
RUBON=MCX,0,20130802,10:54:13,33.083000000,500 000
RUBON=MCX,0,20130802,10:54:17,33.083000000,140 000
RUBON=MCX,0,20130802,10:54:17,33.082500000,403 000
RUBON=MCX,0,20130802,10:54:19,33.085000000,1 000 000
RUBON=MCX,0,20130802,10:54:20,33.085000000,1 000
RUBON=MCX,0,20130802,10:54:24,33.083000000,20 000
RUBON=MCX,0,20130802,10:54:34,33.085000000,300 000
RUBON=MCX,0,20130802,10:54:41,33.085000000,46 000
RUBON=MCX,0,20130802,10:54:41,33.085000000,454 000
RUBON=MCX,0,20130802,10:54:44,33.085000000,46 000
RUBON=MCX,0,20130802,10:54:50,33.085000000,5 000
RUBON=MCX,0,20130802,10:54:54,33.086000000,45 000
RUBON=MCX,0,20130802,10:55:04,33.086000000,154 000
RUBON=MCX,0,20130802,10:55:10,33.086000000,1 000
RUBON=MCX,0,20130802,10:55:10,33.086000000,3 000
RUBON=MCX,0,20130802,10:55:28,33.086000000,297 000
RUBON=MCX,0,20130802,10:55:29,33.087000000,760 000
RUBON=MCX,0,20130802,10:55:31,33.087000000,343 000
RUBON=MCX,0,20130802,10:55:36,33.085500000,125 000
RUBON=MCX,0,20130802,10:55:40,33.086000000,500 000
RUBON=MCX,0,20130802,10:55:40,33.086000000,12 000
RUBON=MCX,0,20130802,10:55:40,33.086000000,2 000
RUBON=MCX,0,20130802,10:55:42,33.086000000,3 000
RUBON=MCX,0,20130802,10:55:42,33.086000000,1 000
RUBON=MCX,0,20130802,10:55:44,33.086000000,97 000
RUBON=MCX,0,20130802,10:55:44,33.086000000,200 000
RUBON=MCX,0,20130802,10:55:44,33.085000000,289 000
RUBON=MCX,0,20130802,10:55:44,33.085000000,31 000
RUBON=MCX,0,20130802,10:55:44,33.085000000,300 000
RUBON=MCX,0,20130802,10:55:44,33.085000000,500 000
RUBON=MCX,0,20130802,10:55:44,33.085000000,50 000
RUBON=MCX,0,20130802,10:55:44,33.085000000,50 000
RUBON=MCX,0,20130802,10:55:44,33.086000000,200 000
RUBON=MCX,0,20130802,10:55:57,33.085500000,140 000
RUBON=MCX,0,20130802,10:55:57,33.085500000,120 000
RUBON=MCX,0,20130802,10:55:59,33.085500000,37 000
RUBON=MCX,0,20130802,10:55:59,33.085500000,65 000
RUBON=MCX,0,20130802,10:56:08,33.085000000,27 000
RUBON=MCX,0,20130802,10:56:11,33.085500000,175 000
RUBON=MCX,0,20130802,10:56:11,33.085500000,126 000
RUBON=MCX,0,20130802,10:56:12,33.086000000,200 000
RUBON=MCX,0,20130802,10:56:12,33.085000000,200 000
RUBON=MCX,0,20130802,10:56:12,33.085000000,73 000
RUBON=MCX,0,20130802,10:56:12,33.085000000,127 000
RUBON=MCX,0,20130802,10:56:12,33.086000000,841 000
RUBON=MCX,0,20130802,10:56:21,33.086000000,500 000
RUBON=MCX,0,20130802,10:56:27,33.086000000,90 000
RUBON=MCX,0,20130802,10:56:37,33.086000000,366 000
RUBON=MCX,0,20130802,10:56:46,33.086000000,3 000
RUBON=MCX,0,20130802,10:56:47,33.087000000,127 000
RUBON=MCX,0,20130802,10:56:47,33.087500000,23 000
RUBON=MCX,0,20130802,10:56:48,33.086500000,123 000
RUBON=MCX,0,20130802,10:57:06,33.087500000,60 000
RUBON=MCX,0,20130802,10:57:12,33.087500000,1 000
RUBON=MCX,0,20130802,10:57:17,33.087500000,50 000
RUBON=MCX,0,20130802,10:57:23,33.086500000,46 000
RUBON=MCX,0,20130802,10:57:25,33.086500000,331 000
RUBON=MCX,0,20130802,10:57:25,33.086500000,169 000
RUBON=MCX,0,20130802,10:57:27,33.087500000,1 000
RUBON=MCX,0,20130802,10:57:31,33.087000000,140 000
RUBON=MCX,0,20130802,10:57:34,33.087000000,278 000
RUBON=MCX,0,20130802,10:57:35,33.087000000,240 000
RUBON=MCX,0,20130802,10:57:48,33.087000000,47 000
RUBON=MCX,0,20130802,10:57:50,33.086000000,200 000
RUBON=MCX,0,20130802,10:57:55,33.087000000,6 000
RUBON=MCX,0,20130802,10:58:15,33.087000000,207 000
RUBON=MCX,0,20130802,10:58:15,33.087000000,81 000
RUBON=MCX,0,20130802,10:58:17,33.087000000,9 000
RUBON=MCX,0,20130802,10:58:19,33.087000000,2 000
RUBON=MCX,0,20130802,10:58:20,33.087000000,44 000
RUBON=MCX,0,20130802,10:58:20,33.087000000,1 000
RUBON=MCX,0,20130802,10:58:20,33.087000000,4 000
RUBON=MCX,0,20130802,10:58:24,33.086000000,123 000
RUBON=MCX,0,20130802,10:58:33,33.087000000,4 000
RUBON=MCX,0,20130802,10:58:38,33.086000000,100 000
RUBON=MCX,0,20130802,10:58:41,33.087000000,140 000
RUBON=MCX,0,20130802,10:58:46,33.087000000,400 000
RUBON=MCX,0,20130802,10:58:46,33.087000000,397 000
RUBON=MCX,0,20130802,10:58:46,33.087000000,1 000
RUBON=MCX,0,20130802,10:58:46,33.087500000,200 000
RUBON=MCX,0,20130802,10:58:46,33.087500000,8 000
RUBON=MCX,0,20130802,10:58:46,33.087500000,200 000
RUBON=MCX,0,20130802,10:58:46,33.087500000,6 000
RUBON=MCX,0,20130802,10:58:55,33.088000000,1 000 000
RUBON=MCX,0,20130802,10:58:55,33.088000000,1 000
RUBON=MCX,0,20130802,10:58:55,33.088500000,2 000
RUBON=MCX,0,20130802,10:58:58,33.089000000,6 000
RUBON=MCX,0,20130802,10:59:03,33.089000000,1 000
RUBON=MCX,0,20130802,10:59:06,33.088000000,200 000
RUBON=MCX,0,20130802,10:59:06,33.088000000,500 000
RUBON=MCX,0,20130802,10:59:06,33.088000000,50 000
RUBON=MCX,0,20130802,10:59:06,33.087500000,480 000
RUBON=MCX,0,20130802,10:59:06,33.088000000,448 000
RUBON=MCX,0,20130802,10:59:09,33.089000000,401 000
RUBON=MCX,0,20130802,10:59:11,33.088000000,50 000
RUBON=MCX,0,20130802,10:59:12,33.087500000,200 000
RUBON=MCX,0,20130802,10:59:12,33.087500000,1 000 000
RUBON=MCX,0,20130802,10:59:12,33.087000000,50 000
RUBON=MCX,0,20130802,10:59:23,33.086500000,198 000
RUBON=MCX,0,20130802,10:59:23,33.087500000,198 000
RUBON=MCX,0,20130802,10:59:27,33.086000000,277 000
RUBON=MCX,0,20130802,10:59:27,33.085500000,100 000
RUBON=MCX,0,20130802,10:59:27,33.085500000,140 000
RUBON=MCX,0,20130802,10:59:27,33.085000000,50 000
RUBON=MCX,0,20130802,10:59:27,33.085000000,70 000
RUBON=MCX,0,20130802,10:59:27,33.085000000,500 000
RUBON=MCX,0,20130802,10:59:27,33.085000000,60 000
RUBON=MCX,0,20130802,10:59:27,33.085000000,124 000
RUBON=MCX,0,20130802,10:59:27,33.085000000,1 321 000
RUBON=MCX,0,20130802,10:59:27,33.085000000,355 000
RUBON=MCX,0,20130802,10:59:27,33.085000000,244 000
RUBON=MCX,0,20130802,10:59:27,33.085000000,132 000
RUBON=MCX,0,20130802,10:59:27,33.085000000,124 000
RUBON=MCX,0,20130802,10:59:27,33.083500000,500 000
RUBON=MCX,0,20130802,10:59:27,33.082500000,36 000
RUBON=MCX,0,20130802,10:59:27,33.084000000,499 000
RUBON=MCX,0,20130802,10:59:27,33.083000000,500 000
RUBON=MCX,0,20130802,10:59:27,33.082500000,821 000
RUBON=MCX,0,20130802,10:59:28,33.083000000,169 000
RUBON=MCX,0,20130802,10:59:28,33.083000000,499 000
RUBON=MCX,0,20130802,10:59:30,33.082500000,133 000
RUBON=MCX,0,20130802,10:59:30,33.082500000,1 321 000
RUBON=MCX,0,20130802,10:59:32,33.082500000,1 321 000
RUBON=MCX,0,20130802,10:59:33,33.082500000,60 000
RUBON=MCX,0,20130802,10:59:34,33.082500000,905 000
RUBON=MCX,0,20130802,10:59:34,33.082000000,267 000
RUBON=MCX,0,20130802,10:59:37,33.081500000,200 000
RUBON=MCX,0,20130802,10:59:37,33.081500000,2 000
RUBON=MCX,0,20130802,10:59:39,33.082500000,200 000
RUBON=MCX,0,20130802,10:59:39,33.083000000,188 000
RUBON=MCX,0,20130802,10:59:39,33.081500000,5 000
RUBON=MCX,0,20130802,10:59:53,33.082000000,188 000
RUBON=MCX,0,20130802,10:59:54,33.081500000,19 000
RUBON=MCX,0,20130802,10:59:59,33.084000000,422 000
RUBON=MCX,0,20130802,11:00:01,33.084000000,1 578 000
RUBON=MCX,0,20130802,11:00:01,33.084500000,222 000
RUBON=MCX,0,20130802,11:00:03,33.084000000,15 000
RUBON=MCX,0,20130802,11:00:03,33.083500000,61 000
RUBON=MCX,0,20130802,11:00:03,33.083500000,15 000
RUBON=MCX,0,20130802,11:00:08,33.083500000,46 000
RUBON=MCX,0,20130802,11:00:08,33.083500000,394 000
RUBON=MCX,0,20130802,11:00:09,33.083500000,18 000
RUBON=MCX,0,20130802,11:00:10,33.083000000,252 000
RUBON=MCX,0,20130802,11:00:12,33.082000000,1 000 000
RUBON=MCX,0,20130802,11:00:18,33.084000000,1 748 000
RUBON=MCX,0,20130802,11:00:18,33.084000000,252 000
RUBON=MCX,0,20130802,11:00:18,33.085500000,140 000
RUBON=MCX,0,20130802,11:00:18,33.086000000,500 000
RUBON=MCX,0,20130802,11:00:26,33.086000000,27 000
RUBON=MCX,0,20130802,11:00:27,33.085000000,20 000
RUBON=MCX,0,20130802,11:00:28,33.085000000,980 000
RUBON=MCX,0,20130802,11:00:28,33.085000000,20 000
RUBON=MCX,0,20130802,11:00:28,33.086000000,360 000
RUBON=MCX,0,20130802,11:00:28,33.086000000,500 000
RUBON=MCX,0,20130802,11:00:30,33.085000000,20 000
RUBON=MCX,0,20130802,11:00:30,33.085000000,25 000
RUBON=MCX,0,20130802,11:00:39,33.086000000,20 000
RUBON=MCX,0,20130802,11:00:41,33.085000000,449 000
RUBON=MCX,0,20130802,11:00:41,33.085000000,51 000
RUBON=MCX,0,20130802,11:00:41,33.083500000,200 000
RUBON=MCX,0,20130802,11:00:47,33.082500000,40 000
RUBON=MCX,0,20130802,11:00:48,33.082500000,18 000
RUBON=MCX,0,20130802,11:00:49,33.082500000,40 000
RUBON=MCX,0,20130802,11:00:53,33.081000000,571 000
RUBON=MCX,0,20130802,11:00:53,33.080000000,352 000
RUBON=MCX,0,20130802,11:00:53,33.080000000,500 000
RUBON=MCX,0,20130802,11:00:53,33.080000000,500 000
RUBON=MCX,0,20130802,11:00:53,33.080000000,50 000
RUBON=MCX,0,20130802,11:00:53,33.080000000,1 000 000
RUBON=MCX,0,20130802,11:00:53,33.080000000,57 000
RUBON=MCX,0,20130802,11:00:57,33.082500000,11 000
RUBON=MCX,0,20130802,11:01:26,33.080500000,200 000
RUBON=MCX,0,20130802,11:01:26,33.080000000,100 000
RUBON=MCX,0,20130802,11:01:28,33.081500000,186 000
RUBON=MCX,0,20130802,11:01:41,33.080500000,200 000
RUBON=MCX,0,20130802,11:01:41,33.080000000,4 700 000
RUBON=MCX,0,20130802,11:01:42,33.080000000,200 000
RUBON=MCX,0,20130802,11:01:42,33.081500000,15 000
RUBON=MCX,0,20130802,11:01:54,33.080500000,200 000
RUBON=MCX,0,20130802,11:01:54,33.080500000,300 000
RUBON=MCX,0,20130802,11:01:56,33.078000000,200 000
RUBON=MCX,0,20130802,11:01:56,33.077000000,140 000
RUBON=MCX,0,20130802,11:01:56,33.077000000,60 000
RUBON=MCX,0,20130802,11:01:56,33.076500000,5 000
RUBON=MCX,0,20130802,11:01:56,33.076500000,45 000
RUBON=MCX,0,20130802,11:01:56,33.076500000,20 000
RUBON=MCX,0,20130802,11:01:56,33.077500000,200 000
RUBON=MCX,0,20130802,11:01:57,33.077500000,175 000
RUBON=MCX,0,20130802,11:01:57,33.078000000,325 000
RUBON=MCX,0,20130802,11:02:05,33.080000000,264 000
RUBON=MCX,0,20130802,11:02:08,33.079500000,13 000
RUBON=MCX,0,20130802,11:02:11,33.079500000,500 000
RUBON=MCX,0,20130802,11:02:13,33.080000000,200 000
RUBON=MCX,0,20130802,11:02:15,33.078500000,12 000
RUBON=MCX,0,20130802,11:02:15,33.078500000,6 000
RUBON=MCX,0,20130802,11:02:22,33.079000000,200 000
RUBON=MCX,0,20130802,11:02:23,33.079000000,300 000
RUBON=MCX,0,20130802,11:02:23,33.078000000,50 000
RUBON=MCX,0,20130802,11:02:23,33.078000000,1 000 000
RUBON=MCX,0,20130802,11:02:23,33.077500000,5 000
RUBON=MCX,0,20130802,11:02:25,33.077500000,1 000 000
RUBON=MCX,0,20130802,11:02:25,33.077500000,1 000 000
RUBON=MCX,0,20130802,11:02:25,33.077500000,1 645 000
RUBON=MCX,0,20130802,11:02:27,33.079000000,2 000
RUBON=MCX,0,20130802,11:02:33,33.079500000,500 000
RUBON=MCX,0,20130802,11:02:48,33.080500000,150 000
RUBON=MCX,0,20130802,11:03:03,33.080500000,200 000
RUBON=MCX,0,20130802,11:03:03,33.080000000,1 780 000
RUBON=MCX,0,20130802,11:03:03,33.080000000,21 000
RUBON=MCX,0,20130802,11:03:07,33.080000000,450 000
RUBON=MCX,0,20130802,11:03:07,33.081000000,2 000
RUBON=MCX,0,20130802,11:03:07,33.080000000,21 000
RUBON=MCX,0,20130802,11:03:09,33.081500000,100 000
RUBON=MCX,0,20130802,11:03:14,33.080500000,21 000
RUBON=MCX,0,20130802,11:03:14,33.080500000,16 000
RUBON=MCX,0,20130802,11:03:16,33.080500000,463 000
RUBON=MCX,0,20130802,11:03:16,33.080000000,1 728 000
RUBON=MCX,0,20130802,11:03:16,33.080000000,100 000
RUBON=MCX,0,20130802,11:03:16,33.080000000,200 000
RUBON=MCX,0,20130802,11:03:19,33.081500000,100 000
RUBON=MCX,0,20130802,11:03:19,33.081500000,198 000
RUBON=MCX,0,20130802,11:03:23,33.080500000,440 000
RUBON=MCX,0,20130802,11:03:25,33.080500000,64 000
RUBON=MCX,0,20130802,11:03:25,33.080000000,36 000
RUBON=MCX,0,20130802,11:03:25,33.080500000,99 000
RUBON=MCX,0,20130802,11:03:25,33.080000000,21 000
RUBON=MCX,0,20130802,11:03:26,33.080000000,13 000
RUBON=MCX,0,20130802,11:03:27,33.080000000,7 000
RUBON=MCX,0,20130802,11:03:28,33.080500000,1 000
RUBON=MCX,0,20130802,11:03:36,33.080500000,146 000
RUBON=MCX,0,20130802,11:03:38,33.081500000,500 000
RUBON=MCX,0,20130802,11:03:38,33.081000000,500 000
RUBON=MCX,0,20130802,11:03:43,33.080500000,1 000
RUBON=MCX,0,20130802,11:03:46,33.081500000,1 354 000
RUBON=MCX,0,20130802,11:03:46,33.081500000,21 000
RUBON=MCX,0,20130802,11:03:46,33.081500000,21 000
RUBON=MCX,0,20130802,11:03:46,33.081500000,336 000
RUBON=MCX,0,20130802,11:03:46,33.081500000,500 000
RUBON=MCX,0,20130802,11:03:46,33.081500000,80 000
RUBON=MCX,0,20130802,11:03:47,33.081500000,4 000
RUBON=MCX,0,20130802,11:03:47,33.081500000,171 000
RUBON=MCX,0,20130802,11:03:50,33.081500000,22 000
RUBON=MCX,0,20130802,11:03:50,33.081500000,1 000
RUBON=MCX,0,20130802,11:03:50,33.081500000,878 000
RUBON=MCX,0,20130802,11:03:51,33.081500000,914 000
RUBON=MCX,0,20130802,11:03:51,33.082000000,86 000
RUBON=MCX,0,20130802,11:03:51,33.082000000,1 195 000
RUBON=MCX,0,20130802,11:03:51,33.082000000,176 000
RUBON=MCX,0,20130802,11:03:51,33.082000000,120 000
RUBON=MCX,0,20130802,11:03:51,33.082000000,200 000
RUBON=MCX,0,20130802,11:03:51,33.082000000,200 000
RUBON=MCX,0,20130802,11:03:51,33.082000000,23 000
RUBON=MCX,0,20130802,11:03:54,33.084000000,325 000
RUBON=MCX,0,20130802,11:03:57,33.086000000,1 000
RUBON=MCX,0,20130802,11:03:57,33.084000000,500 000
RUBON=MCX,0,20130802,11:04:12,33.085000000,41 000
RUBON=MCX,0,20130802,11:04:12,33.086000000,79 000
RUBON=MCX,0,20130802,11:04:13,33.085000000,200 000
RUBON=MCX,0,20130802,11:04:17,33.085000000,35 000
RUBON=MCX,0,20130802,11:04:17,33.084500000,500 000
RUBON=MCX,0,20130802,11:04:17,33.084000000,143 000
RUBON=MCX,0,20130802,11:04:17,33.084000000,1 400 000
RUBON=MCX,0,20130802,11:04:17,33.082500000,50 000
RUBON=MCX,0,20130802,11:04:17,33.082500000,1 000
RUBON=MCX,0,20130802,11:04:17,33.081500000,140 000
RUBON=MCX,0,20130802,11:04:17,33.081000000,550 000
RUBON=MCX,0,20130802,11:04:17,33.080500000,1 000 000
RUBON=MCX,0,20130802,11:04:17,33.080000000,3 000 000
RUBON=MCX,0,20130802,11:04:17,33.080000000,500 000
RUBON=MCX,0,20130802,11:04:17,33.080000000,500 000
RUBON=MCX,0,20130802,11:04:17,33.080000000,2 181 000
RUBON=MCX,0,20130802,11:04:17,33.080000000,400 000
RUBON=MCX,0,20130802,11:04:17,33.080000000,400 000
RUBON=MCX,0,20130802,11:04:17,33.080000000,800 000
RUBON=MCX,0,20130802,11:04:17,33.080000000,500 000
RUBON=MCX,0,20130802,11:04:17,33.080000000,2 821 000
RUBON=MCX,0,20130802,11:04:17,33.080000000,457 000
RUBON=MCX,0,20130802,11:04:17,33.080000000,400 000
RUBON=MCX,0,20130802,11:04:17,33.080000000,143 000
RUBON=MCX,0,20130802,11:04:17,33.079500000,1 000 000
RUBON=MCX,0,20130802,11:04:17,33.079500000,600 000
RUBON=MCX,0,20130802,11:04:17,33.079500000,16 000
RUBON=MCX,0,20130802,11:04:17,33.079500000,200 000
RUBON=MCX,0,20130802,11:04:17,33.079500000,184 000
RUBON=MCX,0,20130802,11:04:17,33.080000000,16 000
RUBON=MCX,0,20130802,11:04:17,33.080000000,2 180 000
RUBON=MCX,0,20130802,11:04:17,33.079500000,457 000
RUBON=MCX,0,20130802,11:04:17,33.079500000,43 000
RUBON=MCX,0,20130802,11:04:17,33.079000000,33 000
RUBON=MCX,0,20130802,11:04:17,33.080000000,200 000
RUBON=MCX,0,20130802,11:04:17,33.079000000,43 000
RUBON=MCX,0,20130802,11:04:17,33.080000000,396 000
RUBON=MCX,0,20130802,11:04:17,33.079000000,450 000
RUBON=MCX,0,20130802,11:04:17,33.080000000,1 000
RUBON=MCX,0,20130802,11:04:17,33.078500000,27 000
RUBON=MCX,0,20130802,11:04:17,33.078500000,10 000
RUBON=MCX,0,20130802,11:04:17,33.079000000,500 000
RUBON=MCX,0,20130802,11:04:17,33.078500000,25 000
RUBON=MCX,0,20130802,11:04:17,33.080000000,100 000
RUBON=MCX,0,20130802,11:04:17,33.080000000,1 000
RUBON=MCX,0,20130802,11:04:17,33.080000000,1 000 000
RUBON=MCX,0,20130802,11:04:17,33.080000000,185 000
RUBON=MCX,0,20130802,11:04:17,33.080000000,298 000
RUBON=MCX,0,20130802,11:04:17,33.080000000,698 000
RUBON=MCX,0,20130802,11:04:17,33.080000000,1 891 000
RUBON=MCX,0,20130802,11:04:17,33.080000000,500 000
RUBON=MCX,0,20130802,11:04:17,33.080000000,500 000
RUBON=MCX,0,20130802,11:04:18,33.080000000,1 000 000
RUBON=MCX,0,20130802,11:04:18,33.080000000,200 000
RUBON=MCX,0,20130802,11:04:18,33.079500000,25 000
RUBON=MCX,0,20130802,11:04:18,33.080000000,292 000
RUBON=MCX,0,20130802,11:04:18,33.078500000,1 000 000
RUBON=MCX,0,20130802,11:04:18,33.079500000,500 000
RUBON=MCX,0,20130802,11:04:18,33.080000000,500 000
RUBON=MCX,0,20130802,11:04:18,33.078000000,300 000
RUBON=MCX,0,20130802,11:04:18,33.078000000,53 000
RUBON=MCX,0,20130802,11:04:18,33.078000000,773 000
RUBON=MCX,0,20130802,11:04:18,33.078000000,174 000
RUBON=MCX,0,20130802,11:04:18,33.078000000,189 000
RUBON=MCX,0,20130802,11:04:20,33.077000000,100 000
RUBON=MCX,0,20130802,11:04:30,33.080000000,75 000
RUBON=MCX,0,20130802,11:04:30,33.080000000,6 000
RUBON=MCX,0,20130802,11:04:30,33.080000000,500 000
RUBON=MCX,0,20130802,11:04:31,33.080000000,1 303 000
RUBON=MCX,0,20130802,11:04:35,33.080000000,1 487 000
RUBON=MCX,0,20130802,11:04:42,33.079500000,490 000
RUBON=MCX,0,20130802,11:04:42,33.079500000,500 000
RUBON=MCX,0,20130802,11:04:43,33.080000000,500 000
RUBON=MCX,0,20130802,11:04:43,33.079000000,145 000
RUBON=MCX,0,20130802,11:04:43,33.079000000,52 000
RUBON=MCX,0,20130802,11:04:43,33.079000000,3 000
RUBON=MCX,0,20130802,11:04:43,33.080000000,50 000
RUBON=MCX,0,20130802,11:04:43,33.080000000,60 000
RUBON=MCX,0,20130802,11:04:43,33.080000000,140 000
RUBON=MCX,0,20130802,11:04:43,33.080000000,660 000
RUBON=MCX,0,20130802,11:04:43,33.078500000,500 000
RUBON=MCX,0,20130802,11:04:43,33.079500000,500 000
RUBON=MCX,0,20130802,11:04:44,33.079000000,500 000
RUBON=MCX,0,20130802,11:04:44,33.079000000,250 000
RUBON=MCX,0,20130802,11:04:47,33.079500000,70 000
RUBON=MCX,0,20130802,11:04:47,33.079500000,430 000
RUBON=MCX,0,20130802,11:04:47,33.080000000,570 000
RUBON=MCX,0,20130802,11:04:47,33.079000000,5 000
RUBON=MCX,0,20130802,11:04:48,33.079000000,1 000
RUBON=MCX,0,20130802,11:04:49,33.078500000,1 000
RUBON=MCX,0,20130802,11:04:56,33.079000000,1 000
RUBON=MCX,0,20130802,11:04:57,33.079000000,1 000
RUBON=MCX,0,20130802,11:04:57,33.079500000,500 000
RUBON=MCX,0,20130802,11:04:57,33.079500000,140 000
RUBON=MCX,0,20130802,11:04:57,33.080000000,359 000
RUBON=MCX,0,20130802,11:05:00,33.080000000,322 000
RUBON=MCX,0,20130802,11:05:00,33.080000000,200 000
RUBON=MCX,0,20130802,11:05:00,33.080000000,679 000
RUBON=MCX,0,20130802,11:05:00,33.080000000,1 000 000
RUBON=MCX,0,20130802,11:05:00,33.080000000,1 210 000
RUBON=MCX,0,20130802,11:05:00,33.080000000,149 000
RUBON=MCX,0,20130802,11:05:01,33.080000000,196 000
RUBON=MCX,0,20130802,11:05:01,33.079500000,225 000
RUBON=MCX,0,20130802,11:05:01,33.080000000,225 000
RUBON=MCX,0,20130802,11:05:01,33.080000000,1 000 000
RUBON=MCX,0,20130802,11:05:01,33.080000000,430 000
RUBON=MCX,0,20130802,11:05:01,33.080000000,220 000
RUBON=MCX,0,20130802,11:05:01,33.080000000,500 000
RUBON=MCX,0,20130802,11:05:01,33.080000000,775 000
RUBON=MCX,0,20130802,11:05:01,33.080000000,1 000 000
RUBON=MCX,0,20130802,11:05:02,33.080000000,1 000 000
RUBON=MCX,0,20130802,11:05:02,33.080000000,5 000
RUBON=MCX,0,20130802,11:05:06,33.080000000,26 000
RUBON=MCX,0,20130802,11:05:06,33.080000000,279 000
RUBON=MCX,0,20130802,11:05:06,33.079500000,2 000
RUBON=MCX,0,20130802,11:05:06,33.080000000,27 000
RUBON=MCX,0,20130802,11:05:06,33.080000000,1 000
RUBON=MCX,0,20130802,11:05:06,33.080000000,175 000
RUBON=MCX,0,20130802,11:05:06,33.080000000,175 000
RUBON=MCX,0,20130802,11:05:06,33.079500000,1 000
RUBON=MCX,0,20130802,11:05:06,33.080000000,1 000 000
RUBON=MCX,0,20130802,11:05:06,33.080000000,300 000
RUBON=MCX,0,20130802,11:05:06,33.080000000,279 000
RUBON=MCX,0,20130802,11:05:07,33.080000000,27 000
RUBON=MCX,0,20130802,11:05:07,33.080000000,279 000
RUBON=MCX,0,20130802,11:05:07,33.080000000,279 000
RUBON=MCX,0,20130802,11:05:07,33.079500000,499 000
RUBON=MCX,0,20130802,11:05:07,33.078500000,200 000
RUBON=MCX,0,20130802,11:05:07,33.080000000,1 000 000
RUBON=MCX,0,20130802,11:05:07,33.080000000,1 000 000
RUBON=MCX,0,20130802,11:05:07,33.080000000,200 000
RUBON=MCX,0,20130802,11:05:07,33.080000000,200 000
RUBON=MCX,0,20130802,11:05:07,33.080000000,874 000
RUBON=MCX,0,20130802,11:05:07,33.080000000,27 000
RUBON=MCX,0,20130802,11:05:07,33.080000000,379 000
RUBON=MCX,0,20130802,11:05:07,33.080000000,849 000
RUBON=MCX,0,20130802,11:05:07,33.080000000,500 000
RUBON=MCX,0,20130802,11:05:07,33.079500000,339 000
RUBON=MCX,0,20130802,11:05:07,33.080000000,401 000
RUBON=MCX,0,20130802,11:05:07,33.080000000,1 000 000
RUBON=MCX,0,20130802,11:05:07,33.080000000,500 000
RUBON=MCX,0,20130802,11:05:07,33.080000000,462 000
RUBON=MCX,0,20130802,11:05:07,33.079500000,8 000
RUBON=MCX,0,20130802,11:05:08,33.079500000,192 000
RUBON=MCX,0,20130802,11:05:08,33.080000000,1 000 000
RUBON=MCX,0,20130802,11:05:08,33.079500000,300 000
RUBON=MCX,0,20130802,11:05:10,33.080000000,132 000
RUBON=MCX,0,20130802,11:05:11,33.079500000,100 000
RUBON=MCX,0,20130802,11:05:11,33.080000000,129 000
RUBON=MCX,0,20130802,11:05:14,33.082000000,150 000
RUBON=MCX,0,20130802,11:05:14,33.081000000,13 000
RUBON=MCX,0,20130802,11:05:14,33.081000000,1 000
RUBON=MCX,0,20130802,11:05:15,33.081500000,9 000
RUBON=MCX,0,20130802,11:05:15,33.082000000,200 000
RUBON=MCX,0,20130802,11:05:16,33.082000000,500 000
RUBON=MCX,0,20130802,11:05:17,33.081500000,136 000
RUBON=MCX,0,20130802,11:05:17,33.081500000,53 000
RUBON=MCX,0,20130802,11:05:17,33.081500000,200 000
RUBON=MCX,0,20130802,11:05:17,33.081500000,59 000
RUBON=MCX,0,20130802,11:05:17,33.081500000,43 000
RUBON=MCX,0,20130802,11:05:17,33.082000000,143 000
RUBON=MCX,0,20130802,11:05:17,33.082000000,143 000
RUBON=MCX,0,20130802,11:05:17,33.082000000,535 000
RUBON=MCX,0,20130802,11:05:17,33.082000000,300 000
RUBON=MCX,0,20130802,11:05:17,33.082000000,2 000
RUBON=MCX,0,20130802,11:05:17,33.082000000,27 000
RUBON=MCX,0,20130802,11:05:17,33.084000000,1 000 000
RUBON=MCX,0,20130802,11:05:17,33.083000000,157 000
RUBON=MCX,0,20130802,11:05:17,33.083500000,200 000
RUBON=MCX,0,20130802,11:05:17,33.083500000,200 000
RUBON=MCX,0,20130802,11:05:17,33.084000000,200 000
RUBON=MCX,0,20130802,11:05:17,33.084000000,11 000
RUBON=MCX,0,20130802,11:05:17,33.084000000,1 000
RUBON=MCX,0,20130802,11:05:17,33.084000000,100 000
RUBON=MCX,0,20130802,11:05:17,33.084000000,43 000
RUBON=MCX,0,20130802,11:05:17,33.084000000,421 000
RUBON=MCX,0,20130802,11:05:17,33.084000000,200 000
RUBON=MCX,0,20130802,11:05:17,33.083500000,200 000
RUBON=MCX,0,20130802,11:05:17,33.083000000,343 000
RUBON=MCX,0,20130802,11:05:17,33.083000000,500 000
RUBON=MCX,0,20130802,11:05:17,33.082000000,1 000 000
RUBON=MCX,0,20130802,11:05:17,33.082500000,490 000
RUBON=MCX,0,20130802,11:05:20,33.082500000,3 000
RUBON=MCX,0,20130802,11:05:20,33.082500000,1 000
RUBON=MCX,0,20130802,11:05:27,33.084000000,24 000
RUBON=MCX,0,20130802,11:05:27,33.085000000,260 000
RUBON=MCX,0,20130802,11:05:41,33.083500000,288 000
RUBON=MCX,0,20130802,11:05:41,33.083000000,200 000
RUBON=MCX,0,20130802,11:05:41,33.083000000,390 000
RUBON=MCX,0,20130802,11:05:41,33.083000000,1 000 000
RUBON=MCX,0,20130802,11:05:41,33.082500000,250 000
RUBON=MCX,0,20130802,11:05:41,33.082000000,500 000
RUBON=MCX,0,20130802,11:05:41,33.082000000,500 000
RUBON=MCX,0,20130802,11:05:41,33.081000000,140 000
RUBON=MCX,0,20130802,11:05:41,33.081000000,143 000
RUBON=MCX,0,20130802,11:05:41,33.080500000,500 000
RUBON=MCX,0,20130802,11:05:41,33.080500000,1 000
RUBON=MCX,0,20130802,11:05:41,33.080500000,1 000 000
RUBON=MCX,0,20130802,11:05:41,33.080000000,227 000
RUBON=MCX,0,20130802,11:05:41,33.080000000,2 050 000
RUBON=MCX,0,20130802,11:05:41,33.080000000,2 811 000
RUBON=MCX,0,20130802,11:05:41,33.080000000,500 000
RUBON=MCX,0,20130802,11:05:41,33.080000000,500 000
RUBON=MCX,0,20130802,11:05:41,33.080000000,850 000
RUBON=MCX,0,20130802,11:05:41,33.080000000,500 000
RUBON=MCX,0,20130802,11:05:41,33.080000000,1 481 000
RUBON=MCX,0,20130802,11:05:41,33.080000000,760 000
RUBON=MCX,0,20130802,11:05:41,33.080000000,400 000
RUBON=MCX,0,20130802,11:05:41,33.080000000,3 000
RUBON=MCX,0,20130802,11:05:41,33.080000000,6 000
RUBON=MCX,0,20130802,11:05:41,33.080000000,194 000
RUBON=MCX,0,20130802,11:05:41,33.080000000,6 000
RUBON=MCX,0,20130802,11:05:41,33.080000000,494 000
RUBON=MCX,0,20130802,11:05:41,33.079500000,1 000
RUBON=MCX,0,20130802,11:05:41,33.079500000,480 000
RUBON=MCX,0,20130802,11:05:41,33.079500000,70 000
RUBON=MCX,0,20130802,11:05:41,33.079500000,573 000
RUBON=MCX,0,20130802,11:05:41,33.080000000,200 000
RUBON=MCX,0,20130802,11:05:41,33.079500000,427 000
RUBON=MCX,0,20130802,11:05:41,33.078500000,571 000
RUBON=MCX,0,20130802,11:05:41,33.078500000,279 000
RUBON=MCX,0,20130802,11:05:41,33.078000000,300 000
RUBON=MCX,0,20130802,11:05:41,33.077000000,200 000
RUBON=MCX,0,20130802,11:05:41,33.079500000,2 000
RUBON=MCX,0,20130802,11:05:41,33.079500000,200 000
RUBON=MCX,0,20130802,11:05:41,33.079500000,500 000
RUBON=MCX,0,20130802,11:05:41,33.080000000,442 000
RUBON=MCX,0,20130802,11:05:41,33.076500000,100 000
RUBON=MCX,0,20130802,11:05:41,33.078000000,500 000
RUBON=MCX,0,20130802,11:05:41,33.079000000,200 000
RUBON=MCX,0,20130802,11:05:41,33.079500000,140 000
RUBON=MCX,0,20130802,11:05:41,33.079500000,160 000
RUBON=MCX,0,20130802,11:05:41,33.077000000,160 000
RUBON=MCX,0,20130802,11:05:41,33.076000000,100 000
RUBON=MCX,0,20130802,11:05:41,33.076000000,140 000
RUBON=MCX,0,20130802,11:05:43,33.077000000,143 000
RUBON=MCX,0,20130802,11:05:43,33.077000000,357 000
RUBON=MCX,0,20130802,11:05:43,33.079000000,200 000
RUBON=MCX,0,20130802,11:05:43,33.079000000,443 000
RUBON=MCX,0,20130802,11:05:43,33.078500000,270 000
RUBON=MCX,0,20130802,11:05:43,33.079000000,231 000
RUBON=MCX,0,20130802,11:05:43,33.079000000,113 000
RUBON=MCX,0,20130802,11:05:43,33.078500000,111 000
RUBON=MCX,0,20130802,11:05:43,33.078500000,505 000
RUBON=MCX,0,20130802,11:05:43,33.078500000,31 000
RUBON=MCX,0,20130802,11:05:45,33.078500000,1 000
RUBON=MCX,0,20130802,11:05:45,33.078500000,1 000
RUBON=MCX,0,20130802,11:06:03,33.077500000,500 000
RUBON=MCX,0,20130802,11:06:03,33.077500000,500 000
RUBON=MCX,0,20130802,11:06:06,33.078000000,284 000
RUBON=MCX,0,20130802,11:06:06,33.078000000,199 000
RUBON=MCX,0,20130802,11:06:06,33.078000000,2 000
RUBON=MCX,0,20130802,11:06:06,33.078000000,200 000
RUBON=MCX,0,20130802,11:06:06,33.078000000,200 000
RUBON=MCX,0,20130802,11:06:06,33.078000000,20 000
RUBON=MCX,0,20130802,11:06:06,33.078000000,11 000
RUBON=MCX,0,20130802,11:06:06,33.078000000,84 000
RUBON=MCX,0,20130802,11:06:11,33.079500000,29 000
RUBON=MCX,0,20130802,11:06:11,33.079500000,2 000
RUBON=MCX,0,20130802,11:06:12,33.079500000,469 000
RUBON=MCX,0,20130802,11:06:12,33.080000000,31 000
RUBON=MCX,0,20130802,11:06:17,33.078500000,182 000
RUBON=MCX,0,20130802,11:06:19,33.078000000,680 000
RUBON=MCX,0,20130802,11:06:19,33.078000000,316 000
RUBON=MCX,0,20130802,11:06:19,33.078000000,4 000
RUBON=MCX,0,20130802,11:06:19,33.078000000,500 000
RUBON=MCX,0,20130802,11:06:19,33.079000000,140 000
RUBON=MCX,0,20130802,11:06:19,33.079500000,360 000
RUBON=MCX,0,20130802,11:06:19,33.078000000,1 000
RUBON=MCX,0,20130802,11:06:25,33.078000000,29 000
RUBON=MCX,0,20130802,11:06:34,33.079500000,118 000
RUBON=MCX,0,20130802,11:06:47,33.080000000,500 000
RUBON=MCX,0,20130802,11:06:47,33.080000000,471 000
RUBON=MCX,0,20130802,11:06:47,33.080000000,1 122 000
RUBON=MCX,0,20130802,11:06:50,33.080000000,1 147 000
RUBON=MCX,0,20130802,11:06:50,33.080000000,84 000
RUBON=MCX,0,20130802,11:06:50,33.080000000,200 000
RUBON=MCX,0,20130802,11:06:52,33.080000000,309 000
RUBON=MCX,0,20130802,11:06:52,33.080000000,691 000
RUBON=MCX,0,20130802,11:06:52,33.080000000,50 000
RUBON=MCX,0,20130802,11:06:56,33.080000000,1 259 000
RUBON=MCX,0,20130802,11:06:56,33.080000000,3 741 000
RUBON=MCX,0,20130802,11:06:56,33.078000000,50 000
RUBON=MCX,0,20130802,11:07:05,33.080000000,500 000
RUBON=MCX,0,20130802,11:07:08,33.080000000,285 000
RUBON=MCX,0,20130802,11:07:27,33.080000000,1 000 000
RUBON=MCX,0,20130802,11:07:27,33.080000000,200 000
RUBON=MCX,0,20130802,11:07:31,33.080000000,200 000
RUBON=MCX,0,20130802,11:07:32,33.078000000,2 000
RUBON=MCX,0,20130802,11:07:33,33.078000000,3 000
RUBON=MCX,0,20130802,11:07:36,33.079000000,50 000
RUBON=MCX,0,20130802,11:07:47,33.080000000,500 000
RUBON=MCX,0,20130802,11:07:48,33.080000000,200 000
RUBON=MCX,0,20130802,11:07:48,33.080000000,200 000
RUBON=MCX,0,20130802,11:07:48,33.080000000,100 000
RUBON=MCX,0,20130802,11:07:48,33.078000000,475 000
RUBON=MCX,0,20130802,11:07:48,33.078000000,20 000
RUBON=MCX,0,20130802,11:07:48,33.078000000,100 000
RUBON=MCX,0,20130802,11:07:49,33.077500000,200 000
RUBON=MCX,0,20130802,11:07:49,33.077500000,180 000
RUBON=MCX,0,20130802,11:07:49,33.077500000,20 000
RUBON=MCX,0,20130802,11:07:49,33.078000000,1 000
RUBON=MCX,0,20130802,11:07:49,33.078000000,29 000
RUBON=MCX,0,20130802,11:08:03,33.077500000,40 000
RUBON=MCX,0,20130802,11:08:03,33.077000000,6 000
RUBON=MCX,0,20130802,11:08:03,33.077500000,40 000
RUBON=MCX,0,20130802,11:08:03,33.077500000,50 000
RUBON=MCX,0,20130802,11:08:08,33.079500000,6 000
RUBON=MCX,0,20130802,11:08:08,33.080000000,2 000
RUBON=MCX,0,20130802,11:08:15,33.080000000,65 000
RUBON=MCX,0,20130802,11:08:18,33.077500000,12 000
RUBON=MCX,0,20130802,11:08:18,33.077500000,6 000
RUBON=MCX,0,20130802,11:08:21,33.077500000,4 000
RUBON=MCX,0,20130802,11:08:21,33.077500000,478 000
RUBON=MCX,0,20130802,11:08:21,33.077500000,22 000
RUBON=MCX,0,20130802,11:08:21,33.077500000,1 000
RUBON=MCX,0,20130802,11:08:22,33.077500000,100 000
RUBON=MCX,0,20130802,11:08:22,33.077500000,200 000
RUBON=MCX,0,20130802,11:08:23,33.078500000,8 000
RUBON=MCX,0,20130802,11:08:23,33.077500000,277 000
RUBON=MCX,0,20130802,11:08:23,33.077500000,100 000
RUBON=MCX,0,20130802,11:08:38,33.078500000,20 000
RUBON=MCX,0,20130802,11:08:41,33.076000000,60 000
RUBON=MCX,0,20130802,11:08:53,33.078000000,1 000
RUBON=MCX,0,20130802,11:09:01,33.078000000,2 000
RUBON=MCX,0,20130802,11:09:01,33.078500000,54 000
RUBON=MCX,0,20130802,11:09:02,33.078500000,131 000
RUBON=MCX,0,20130802,11:09:02,33.079500000,298 000
RUBON=MCX,0,20130802,11:09:08,33.079500000,202 000
RUBON=MCX,0,20130802,11:09:10,33.080000000,59 000
