<TICKER>,<PER>,<DATE>,<TIME>,<LAST>,<VOL>
RUBUTSTN=MCX,0,20130802,10:00:05,33.090000000,272 000
RUBUTSTN=MCX,0,20130802,10:00:05,33.090000000,228 000
RUBUTSTN=MCX,0,20130802,10:00:06,33.163000000,1 000
RUBUTSTN=MCX,0,20130802,10:00:08,33.054500000,1 000
RUBUTSTN=MCX,0,20130802,10:00:11,33.047000000,1 000
RUBUTSTN=MCX,0,20130802,10:00:17,33.070000000,60 000
RUBUTSTN=MCX,0,20130802,10:00:18,33.069500000,71 000
RUBUTSTN=MCX,0,20130802,10:00:18,33.070000000,529 000
RUBUTSTN=MCX,0,20130802,10:00:18,33.070000000,11 000
RUBUTSTN=MCX,0,20130802,10:00:29,33.070000000,143 000
RUBUTSTN=MCX,0,20130802,10:00:29,33.070000000,172 000
RUBUTSTN=MCX,0,20130802,10:00:30,33.070000000,1 000 000
RUBUTSTN=MCX,0,20130802,10:00:38,33.075000000,2 000 000
RUBUTSTN=MCX,0,20130802,10:00:38,33.077500000,25 000
RUBUTSTN=MCX,0,20130802,10:00:38,33.078000000,1 000 000
RUBUTSTN=MCX,0,20130802,10:00:38,33.079500000,143 000
RUBUTSTN=MCX,0,20130802,10:00:38,33.080000000,300 000
RUBUTSTN=MCX,0,20130802,10:00:38,33.079500000,143 000
RUBUTSTN=MCX,0,20130802,10:00:38,33.079500000,315 000
RUBUTSTN=MCX,0,20130802,10:00:38,33.079500000,1 585 000
RUBUTSTN=MCX,0,20130802,10:00:38,33.079500000,143 000
RUBUTSTN=MCX,0,20130802,10:00:40,33.086500000,25 000
RUBUTSTN=MCX,0,20130802,10:00:40,33.087000000,1 000 000
RUBUTSTN=MCX,0,20130802,10:00:40,33.089500000,143 000
RUBUTSTN=MCX,0,20130802,10:00:40,33.089500000,200 000
RUBUTSTN=MCX,0,20130802,10:00:40,33.089500000,650 000
RUBUTSTN=MCX,0,20130802,10:00:40,33.089500000,143 000
RUBUTSTN=MCX,0,20130802,10:00:40,33.092500000,100 000
RUBUTSTN=MCX,0,20130802,10:00:40,33.091500000,100 000
RUBUTSTN=MCX,0,20130802,10:00:40,33.081000000,1 000
RUBUTSTN=MCX,0,20130802,10:00:40,33.091500000,1 000
RUBUTSTN=MCX,0,20130802,10:00:40,33.092000000,699 000
RUBUTSTN=MCX,0,20130802,10:00:40,33.091500000,25 000
RUBUTSTN=MCX,0,20130802,10:00:40,33.092000000,901 000
RUBUTSTN=MCX,0,20130802,10:00:40,33.089500000,9 000
RUBUTSTN=MCX,0,20130802,10:00:40,33.089500000,5 000
RUBUTSTN=MCX,0,20130802,10:00:40,33.089500000,55 000
RUBUTSTN=MCX,0,20130802,10:00:40,33.089500000,32 000
RUBUTSTN=MCX,0,20130802,10:00:40,33.089000000,15 000
RUBUTSTN=MCX,0,20130802,10:00:40,33.096000000,8 000
RUBUTSTN=MCX,0,20130802,10:00:40,33.087500000,24 000
RUBUTSTN=MCX,0,20130802,10:00:40,33.087000000,500 000
RUBUTSTN=MCX,0,20130802,10:00:40,33.087000000,475 000
RUBUTSTN=MCX,0,20130802,10:00:40,33.087000000,1 000
RUBUTSTN=MCX,0,20130802,10:00:40,33.087500000,175 000
RUBUTSTN=MCX,0,20130802,10:00:40,33.104500000,25 000
RUBUTSTN=MCX,0,20130802,10:00:40,33.105000000,400 000
RUBUTSTN=MCX,0,20130802,10:00:40,33.107000000,500 000
RUBUTSTN=MCX,0,20130802,10:00:40,33.107500000,384 000
RUBUTSTN=MCX,0,20130802,10:00:41,33.117500000,10 000
RUBUTSTN=MCX,0,20130802,10:00:42,33.097500000,10 000
RUBUTSTN=MCX,0,20130802,10:00:42,33.097000000,305 000
RUBUTSTN=MCX,0,20130802,10:00:48,33.085000000,1 000
RUBUTSTN=MCX,0,20130802,10:00:51,33.092500000,110 000
RUBUTSTN=MCX,0,20130802,10:00:53,33.090000000,30 000
RUBUTSTN=MCX,0,20130802,10:00:53,33.090500000,278 000
RUBUTSTN=MCX,0,20130802,10:00:53,33.092500000,475 000
RUBUTSTN=MCX,0,20130802,10:00:53,33.092500000,372 000
RUBUTSTN=MCX,0,20130802,10:00:53,33.092500000,153 000
RUBUTSTN=MCX,0,20130802,10:00:53,33.092500000,247 000
RUBUTSTN=MCX,0,20130802,10:00:53,33.092500000,152 000
RUBUTSTN=MCX,0,20130802,10:00:53,33.102000000,1 000 000
RUBUTSTN=MCX,0,20130802,10:00:54,33.107500000,2 000
RUBUTSTN=MCX,0,20130802,10:00:54,33.107500000,5 000
RUBUTSTN=MCX,0,20130802,10:00:54,33.107500000,6 000
RUBUTSTN=MCX,0,20130802,10:00:54,33.107500000,1 000
RUBUTSTN=MCX,0,20130802,10:00:54,33.107500000,5 000
RUBUTSTN=MCX,0,20130802,10:00:54,33.107500000,15 000
RUBUTSTN=MCX,0,20130802,10:00:54,33.099000000,140 000
RUBUTSTN=MCX,0,20130802,10:00:54,33.098500000,60 000
RUBUTSTN=MCX,0,20130802,10:00:54,33.098500000,1 000
RUBUTSTN=MCX,0,20130802,10:00:54,33.098500000,1 000
RUBUTSTN=MCX,0,20130802,10:00:54,33.098500000,1 000
RUBUTSTN=MCX,0,20130802,10:00:54,33.098500000,5 000
RUBUTSTN=MCX,0,20130802,10:00:54,33.098500000,1 000
RUBUTSTN=MCX,0,20130802,10:00:54,33.098500000,1 000
RUBUTSTN=MCX,0,20130802,10:00:54,33.099000000,5 000
RUBUTSTN=MCX,0,20130802,10:00:54,33.099000000,5 000
RUBUTSTN=MCX,0,20130802,10:00:54,33.100000000,3 000
RUBUTSTN=MCX,0,20130802,10:00:54,33.100000000,10 000
RUBUTSTN=MCX,0,20130802,10:00:57,33.096500000,60 000
RUBUTSTN=MCX,0,20130802,10:01:00,33.099500000,200 000
RUBUTSTN=MCX,0,20130802,10:01:01,33.098000000,66 000
RUBUTSTN=MCX,0,20130802,10:01:04,33.090000000,4 000
RUBUTSTN=MCX,0,20130802,10:01:11,33.088000000,143 000
RUBUTSTN=MCX,0,20130802,10:01:11,33.088000000,357 000
RUBUTSTN=MCX,0,20130802,10:01:11,33.089500000,143 000
RUBUTSTN=MCX,0,20130802,10:01:11,33.090000000,20 000
RUBUTSTN=MCX,0,20130802,10:01:11,33.090000000,15 000
RUBUTSTN=MCX,0,20130802,10:01:11,33.090000000,9 000
RUBUTSTN=MCX,0,20130802,10:01:25,33.100000000,143 000
RUBUTSTN=MCX,0,20130802,10:01:25,33.100000000,551 000
RUBUTSTN=MCX,0,20130802,10:01:26,33.100000000,143 000
RUBUTSTN=MCX,0,20130802,10:01:26,33.100000000,165 000
RUBUTSTN=MCX,0,20130802,10:01:26,33.100000000,45 000
RUBUTSTN=MCX,0,20130802,10:01:28,33.096000000,500 000
RUBUTSTN=MCX,0,20130802,10:01:28,33.094500000,200 000
RUBUTSTN=MCX,0,20130802,10:01:31,33.097000000,500 000
RUBUTSTN=MCX,0,20130802,10:01:31,33.098000000,500 000
RUBUTSTN=MCX,0,20130802,10:01:31,33.100000000,953 000
RUBUTSTN=MCX,0,20130802,10:01:31,33.100000000,1 000 000
RUBUTSTN=MCX,0,20130802,10:01:31,33.100000000,1 000 000
RUBUTSTN=MCX,0,20130802,10:01:32,33.101000000,66 000
RUBUTSTN=MCX,0,20130802,10:01:32,33.100500000,174 000
RUBUTSTN=MCX,0,20130802,10:01:34,33.101000000,25 000
RUBUTSTN=MCX,0,20130802,10:01:34,33.100500000,175 000
RUBUTSTN=MCX,0,20130802,10:01:48,33.101500000,70 000
RUBUTSTN=MCX,0,20130802,10:01:48,33.107000000,500 000
RUBUTSTN=MCX,0,20130802,10:01:48,33.107500000,500 000
RUBUTSTN=MCX,0,20130802,10:01:50,33.102500000,300 000
RUBUTSTN=MCX,0,20130802,10:01:55,33.107500000,500 000
RUBUTSTN=MCX,0,20130802,10:01:59,33.104000000,24 000
RUBUTSTN=MCX,0,20130802,10:01:59,33.104000000,24 000
RUBUTSTN=MCX,0,20130802,10:01:59,33.104000000,24 000
RUBUTSTN=MCX,0,20130802,10:01:59,33.104000000,24 000
RUBUTSTN=MCX,0,20130802,10:01:59,33.104000000,24 000
RUBUTSTN=MCX,0,20130802,10:02:01,33.104000000,299 000
RUBUTSTN=MCX,0,20130802,10:02:04,33.104000000,24 000
RUBUTSTN=MCX,0,20130802,10:02:04,33.104000000,24 000
RUBUTSTN=MCX,0,20130802,10:02:04,33.104000000,24 000
RUBUTSTN=MCX,0,20130802,10:02:04,33.104000000,24 000
RUBUTSTN=MCX,0,20130802,10:02:04,33.104000000,24 000
RUBUTSTN=MCX,0,20130802,10:02:04,33.104000000,391 000
RUBUTSTN=MCX,0,20130802,10:02:05,33.103000000,250 000
RUBUTSTN=MCX,0,20130802,10:02:05,33.102500000,1 900 000
RUBUTSTN=MCX,0,20130802,10:02:09,33.100000000,500 000
RUBUTSTN=MCX,0,20130802,10:02:11,33.104000000,82 000
RUBUTSTN=MCX,0,20130802,10:02:13,33.100000000,150 000
RUBUTSTN=MCX,0,20130802,10:02:13,33.100000000,146 000
RUBUTSTN=MCX,0,20130802,10:02:13,33.099000000,296 000
RUBUTSTN=MCX,0,20130802,10:02:13,33.095000000,286 000
RUBUTSTN=MCX,0,20130802,10:02:14,33.093500000,100 000
RUBUTSTN=MCX,0,20130802,10:02:14,33.093500000,143 000
RUBUTSTN=MCX,0,20130802,10:02:14,33.093500000,299 000
RUBUTSTN=MCX,0,20130802,10:02:14,33.090000000,1 000
RUBUTSTN=MCX,0,20130802,10:02:14,33.093000000,264 000
RUBUTSTN=MCX,0,20130802,10:02:14,33.093000000,499 000
RUBUTSTN=MCX,0,20130802,10:02:15,33.090000000,199 000
RUBUTSTN=MCX,0,20130802,10:02:15,33.093000000,277 000
RUBUTSTN=MCX,0,20130802,10:02:15,33.093000000,262 000
RUBUTSTN=MCX,0,20130802,10:02:15,33.092500000,140 000
RUBUTSTN=MCX,0,20130802,10:02:15,33.093000000,264 000
RUBUTSTN=MCX,0,20130802,10:02:24,33.092000000,800 000
RUBUTSTN=MCX,0,20130802,10:02:24,33.095000000,500 000
RUBUTSTN=MCX,0,20130802,10:02:24,33.095000000,200 000
RUBUTSTN=MCX,0,20130802,10:02:31,33.090000000,1 000 000
RUBUTSTN=MCX,0,20130802,10:02:33,33.090000000,300 000
RUBUTSTN=MCX,0,20130802,10:02:38,33.089500000,265 000
RUBUTSTN=MCX,0,20130802,10:02:40,33.090000000,1 000 000
RUBUTSTN=MCX,0,20130802,10:02:44,33.090000000,169 000
RUBUTSTN=MCX,0,20130802,10:03:09,33.090000000,70 000
RUBUTSTN=MCX,0,20130802,10:03:12,33.090000000,271 000
RUBUTSTN=MCX,0,20130802,10:03:47,33.086500000,375 000
RUBUTSTN=MCX,0,20130802,10:03:47,33.086000000,1 000 000
RUBUTSTN=MCX,0,20130802,10:03:47,33.085500000,500 000
RUBUTSTN=MCX,0,20130802,10:03:49,33.086000000,1 000
RUBUTSTN=MCX,0,20130802,10:03:50,33.085500000,75 000
RUBUTSTN=MCX,0,20130802,10:03:50,33.085000000,140 000
RUBUTSTN=MCX,0,20130802,10:03:50,33.084500000,500 000
RUBUTSTN=MCX,0,20130802,10:03:50,33.084500000,143 000
RUBUTSTN=MCX,0,20130802,10:03:50,33.083500000,100 000
RUBUTSTN=MCX,0,20130802,10:03:50,33.083500000,2 935 000
RUBUTSTN=MCX,0,20130802,10:03:52,33.083500000,385 000
RUBUTSTN=MCX,0,20130802,10:03:57,33.084000000,15 000
RUBUTSTN=MCX,0,20130802,10:03:57,33.085000000,51 000
RUBUTSTN=MCX,0,20130802,10:04:00,33.086000000,3 000
RUBUTSTN=MCX,0,20130802,10:04:09,33.080500000,50 000
RUBUTSTN=MCX,0,20130802,10:04:09,33.080000000,131 000
RUBUTSTN=MCX,0,20130802,10:04:09,33.080500000,300 000
RUBUTSTN=MCX,0,20130802,10:04:09,33.080000000,200 000
RUBUTSTN=MCX,0,20130802,10:04:09,33.080000000,169 000
RUBUTSTN=MCX,0,20130802,10:04:09,33.080000000,3 000
RUBUTSTN=MCX,0,20130802,10:04:32,33.080500000,50 000
RUBUTSTN=MCX,0,20130802,10:04:32,33.080000000,2 500 000
RUBUTSTN=MCX,0,20130802,10:04:34,33.080000000,1 000
RUBUTSTN=MCX,0,20130802,10:04:35,33.080000000,3 000
RUBUTSTN=MCX,0,20130802,10:04:36,33.080000000,96 000
RUBUTSTN=MCX,0,20130802,10:04:36,33.080000000,34 000
RUBUTSTN=MCX,0,20130802,10:04:36,33.080000000,19 000
RUBUTSTN=MCX,0,20130802,10:04:36,33.080000000,447 000
RUBUTSTN=MCX,0,20130802,10:04:36,33.081500000,21 000
RUBUTSTN=MCX,0,20130802,10:04:36,33.081500000,3 000
RUBUTSTN=MCX,0,20130802,10:04:36,33.081500000,1 000
RUBUTSTN=MCX,0,20130802,10:04:36,33.082000000,1 000
RUBUTSTN=MCX,0,20130802,10:04:36,33.082000000,50 000
RUBUTSTN=MCX,0,20130802,10:04:36,33.082000000,5 000
RUBUTSTN=MCX,0,20130802,10:04:38,33.080000000,259 000
RUBUTSTN=MCX,0,20130802,10:04:40,33.080000000,405 000
RUBUTSTN=MCX,0,20130802,10:04:40,33.080000000,106 000
RUBUTSTN=MCX,0,20130802,10:04:42,33.082000000,140 000
RUBUTSTN=MCX,0,20130802,10:04:42,33.082500000,500 000
RUBUTSTN=MCX,0,20130802,10:04:42,33.082500000,360 000
RUBUTSTN=MCX,0,20130802,10:04:46,33.083000000,43 000
RUBUTSTN=MCX,0,20130802,10:04:46,33.083000000,8 000
RUBUTSTN=MCX,0,20130802,10:04:46,33.086000000,51 000
RUBUTSTN=MCX,0,20130802,10:04:50,33.085000000,20 000
RUBUTSTN=MCX,0,20130802,10:04:50,33.085000000,80 000
RUBUTSTN=MCX,0,20130802,10:04:53,33.078500000,25 000
RUBUTSTN=MCX,0,20130802,10:04:53,33.078000000,140 000
RUBUTSTN=MCX,0,20130802,10:04:53,33.077500000,500 000
RUBUTSTN=MCX,0,20130802,10:04:53,33.077500000,500 000
RUBUTSTN=MCX,0,20130802,10:04:58,33.085000000,18 000
RUBUTSTN=MCX,0,20130802,10:05:05,33.084500000,140 000
RUBUTSTN=MCX,0,20130802,10:05:05,33.085000000,143 000
RUBUTSTN=MCX,0,20130802,10:05:05,33.085000000,70 000
RUBUTSTN=MCX,0,20130802,10:05:05,33.085000000,500 000
RUBUTSTN=MCX,0,20130802,10:05:05,33.085000000,2 097 000
RUBUTSTN=MCX,0,20130802,10:05:05,33.082000000,140 000
RUBUTSTN=MCX,0,20130802,10:05:05,33.082000000,360 000
RUBUTSTN=MCX,0,20130802,10:05:05,33.085000000,172 000
RUBUTSTN=MCX,0,20130802,10:05:05,33.088000000,51 000
RUBUTSTN=MCX,0,20130802,10:05:05,33.089000000,92 000
RUBUTSTN=MCX,0,20130802,10:05:05,33.087500000,14 000
RUBUTSTN=MCX,0,20130802,10:05:10,33.084500000,25 000
RUBUTSTN=MCX,0,20130802,10:05:10,33.084000000,98 000
RUBUTSTN=MCX,0,20130802,10:05:12,33.088000000,2 000
RUBUTSTN=MCX,0,20130802,10:05:14,33.084500000,75 000
RUBUTSTN=MCX,0,20130802,10:05:14,33.084000000,48 000
RUBUTSTN=MCX,0,20130802,10:05:16,33.086500000,40 000
RUBUTSTN=MCX,0,20130802,10:05:16,33.086500000,459 000
RUBUTSTN=MCX,0,20130802,10:05:19,33.086000000,60 000
RUBUTSTN=MCX,0,20130802,10:05:20,33.087500000,659 000
RUBUTSTN=MCX,0,20130802,10:05:20,33.089500000,341 000
RUBUTSTN=MCX,0,20130802,10:05:31,33.085500000,1 000
RUBUTSTN=MCX,0,20130802,10:05:31,33.085500000,1 000
RUBUTSTN=MCX,0,20130802,10:05:31,33.085000000,660 000
RUBUTSTN=MCX,0,20130802,10:05:32,33.085000000,58 000
RUBUTSTN=MCX,0,20130802,10:05:32,33.088500000,140 000
RUBUTSTN=MCX,0,20130802,10:05:32,33.089000000,500 000
RUBUTSTN=MCX,0,20130802,10:05:32,33.089500000,500 000
RUBUTSTN=MCX,0,20130802,10:05:32,33.090000000,190 000
RUBUTSTN=MCX,0,20130802,10:05:32,33.090000000,100 000
RUBUTSTN=MCX,0,20130802,10:05:32,33.090000000,512 000
RUBUTSTN=MCX,0,20130802,10:05:32,33.083500000,1 000
RUBUTSTN=MCX,0,20130802,10:05:52,33.090000000,100 000
RUBUTSTN=MCX,0,20130802,10:06:02,33.090000000,100 000
RUBUTSTN=MCX,0,20130802,10:06:02,33.090000000,200 000
RUBUTSTN=MCX,0,20130802,10:06:20,33.089500000,140 000
RUBUTSTN=MCX,0,20130802,10:06:20,33.089500000,100 000
RUBUTSTN=MCX,0,20130802,10:06:20,33.089000000,500 000
RUBUTSTN=MCX,0,20130802,10:06:20,33.088500000,143 000
RUBUTSTN=MCX,0,20130802,10:06:20,33.088500000,117 000
RUBUTSTN=MCX,0,20130802,10:06:43,33.090000000,500 000
RUBUTSTN=MCX,0,20130802,10:06:58,33.089500000,1 000
RUBUTSTN=MCX,0,20130802,10:07:10,33.090000000,1 000 000
RUBUTSTN=MCX,0,20130802,10:07:11,33.090000000,661 000
RUBUTSTN=MCX,0,20130802,10:07:16,33.090000000,339 000
RUBUTSTN=MCX,0,20130802,10:07:23,33.091500000,51 000
RUBUTSTN=MCX,0,20130802,10:07:53,33.092500000,1 000
RUBUTSTN=MCX,0,20130802,10:07:53,33.092500000,1 000
RUBUTSTN=MCX,0,20130802,10:08:00,33.092500000,250 000
RUBUTSTN=MCX,0,20130802,10:08:09,33.094500000,1 000
RUBUTSTN=MCX,0,20130802,10:08:09,33.094500000,1 000
RUBUTSTN=MCX,0,20130802,10:08:09,33.094500000,21 000
RUBUTSTN=MCX,0,20130802,10:08:09,33.094500000,8 000
RUBUTSTN=MCX,0,20130802,10:08:09,33.094500000,2 000
RUBUTSTN=MCX,0,20130802,10:08:09,33.094500000,8 000
RUBUTSTN=MCX,0,20130802,10:08:09,33.095000000,800 000
RUBUTSTN=MCX,0,20130802,10:08:09,33.095000000,199 000
RUBUTSTN=MCX,0,20130802,10:08:09,33.095000000,801 000
RUBUTSTN=MCX,0,20130802,10:08:09,33.095000000,504 000
RUBUTSTN=MCX,0,20130802,10:08:09,33.095000000,496 000
RUBUTSTN=MCX,0,20130802,10:08:17,33.095500000,10 000
RUBUTSTN=MCX,0,20130802,10:08:17,33.095500000,12 000
RUBUTSTN=MCX,0,20130802,10:08:17,33.096500000,1 000
RUBUTSTN=MCX,0,20130802,10:08:17,33.097000000,770 000
RUBUTSTN=MCX,0,20130802,10:08:17,33.096500000,1 000
RUBUTSTN=MCX,0,20130802,10:08:17,33.094000000,3 000
RUBUTSTN=MCX,0,20130802,10:08:20,33.096500000,1 000
RUBUTSTN=MCX,0,20130802,10:08:20,33.097000000,30 000
RUBUTSTN=MCX,0,20130802,10:08:20,33.097500000,1 000
RUBUTSTN=MCX,0,20130802,10:08:20,33.097000000,1 000
RUBUTSTN=MCX,0,20130802,10:08:20,33.096500000,1 000
RUBUTSTN=MCX,0,20130802,10:08:20,33.096500000,1 000
RUBUTSTN=MCX,0,20130802,10:08:20,33.096500000,1 000
RUBUTSTN=MCX,0,20130802,10:08:20,33.096500000,1 000
RUBUTSTN=MCX,0,20130802,10:08:20,33.096500000,1 000
RUBUTSTN=MCX,0,20130802,10:08:20,33.096500000,1 000
RUBUTSTN=MCX,0,20130802,10:08:20,33.096500000,1 000
RUBUTSTN=MCX,0,20130802,10:08:30,33.097500000,2 000 000
RUBUTSTN=MCX,0,20130802,10:08:30,33.098500000,2 000
RUBUTSTN=MCX,0,20130802,10:08:30,33.099500000,1 000
RUBUTSTN=MCX,0,20130802,10:08:30,33.099500000,1 000
RUBUTSTN=MCX,0,20130802,10:08:30,33.099500000,3 000
RUBUTSTN=MCX,0,20130802,10:08:30,33.099500000,1 000
RUBUTSTN=MCX,0,20130802,10:08:30,33.099500000,6 000
RUBUTSTN=MCX,0,20130802,10:08:30,33.100000000,1 000 000
RUBUTSTN=MCX,0,20130802,10:08:30,33.100000000,300 000
RUBUTSTN=MCX,0,20130802,10:08:30,33.100000000,500 000
RUBUTSTN=MCX,0,20130802,10:08:30,33.102500000,147 000
RUBUTSTN=MCX,0,20130802,10:08:30,33.104500000,11 000
RUBUTSTN=MCX,0,20130802,10:08:30,33.105000000,1 000 000
RUBUTSTN=MCX,0,20130802,10:08:31,33.107500000,5 000
RUBUTSTN=MCX,0,20130802,10:08:31,33.108500000,3 000
RUBUTSTN=MCX,0,20130802,10:08:31,33.108500000,11 000
RUBUTSTN=MCX,0,20130802,10:08:31,33.108500000,30 000
RUBUTSTN=MCX,0,20130802,10:08:31,33.108500000,6 000
RUBUTSTN=MCX,0,20130802,10:08:31,33.110000000,349 000
RUBUTSTN=MCX,0,20130802,10:08:31,33.110000000,651 000
RUBUTSTN=MCX,0,20130802,10:08:31,33.112500000,1 000
RUBUTSTN=MCX,0,20130802,10:08:31,33.112500000,1 000
RUBUTSTN=MCX,0,20130802,10:08:31,33.112500000,3 000
RUBUTSTN=MCX,0,20130802,10:08:31,33.112500000,5 000
RUBUTSTN=MCX,0,20130802,10:08:31,33.112500000,36 000
RUBUTSTN=MCX,0,20130802,10:08:31,33.112500000,5 000
RUBUTSTN=MCX,0,20130802,10:08:31,33.115500000,140 000
RUBUTSTN=MCX,0,20130802,10:08:31,33.116500000,500 000
RUBUTSTN=MCX,0,20130802,10:08:31,33.117000000,309 000
RUBUTSTN=MCX,0,20130802,10:08:31,33.113500000,51 000
RUBUTSTN=MCX,0,20130802,10:08:32,33.113500000,2 000
RUBUTSTN=MCX,0,20130802,10:08:32,33.113500000,8 000
RUBUTSTN=MCX,0,20130802,10:08:32,33.113500000,3 000
RUBUTSTN=MCX,0,20130802,10:08:34,33.115500000,9 000
RUBUTSTN=MCX,0,20130802,10:08:34,33.112500000,7 000
RUBUTSTN=MCX,0,20130802,10:08:36,33.111500000,200 000
RUBUTSTN=MCX,0,20130802,10:08:36,33.111500000,175 000
RUBUTSTN=MCX,0,20130802,10:08:36,33.111000000,286 000
RUBUTSTN=MCX,0,20130802,10:08:36,33.113500000,47 000
RUBUTSTN=MCX,0,20130802,10:08:37,33.113500000,35 000
RUBUTSTN=MCX,0,20130802,10:08:38,33.112500000,50 000
RUBUTSTN=MCX,0,20130802,10:08:38,33.111500000,500 000
RUBUTSTN=MCX,0,20130802,10:08:38,33.110500000,500 000
RUBUTSTN=MCX,0,20130802,10:08:38,33.110000000,500 000
RUBUTSTN=MCX,0,20130802,10:08:38,33.110000000,143 000
RUBUTSTN=MCX,0,20130802,10:08:38,33.110000000,500 000
RUBUTSTN=MCX,0,20130802,10:08:38,33.109500000,49 000
RUBUTSTN=MCX,0,20130802,10:08:38,33.109500000,250 000
RUBUTSTN=MCX,0,20130802,10:08:38,33.109000000,258 000
RUBUTSTN=MCX,0,20130802,10:08:41,33.113500000,500 000
RUBUTSTN=MCX,0,20130802,10:08:41,33.114500000,5 000
RUBUTSTN=MCX,0,20130802,10:08:41,33.114500000,1 000
RUBUTSTN=MCX,0,20130802,10:08:41,33.114500000,494 000
RUBUTSTN=MCX,0,20130802,10:08:41,33.113000000,20 000
RUBUTSTN=MCX,0,20130802,10:08:41,33.113000000,3 000
RUBUTSTN=MCX,0,20130802,10:08:41,33.113000000,2 000
RUBUTSTN=MCX,0,20130802,10:08:41,33.113000000,26 000
RUBUTSTN=MCX,0,20130802,10:08:41,33.115500000,42 000
RUBUTSTN=MCX,0,20130802,10:08:41,33.116000000,101 000
RUBUTSTN=MCX,0,20130802,10:08:41,33.116000000,449 000
RUBUTSTN=MCX,0,20130802,10:08:41,33.116500000,37 000
RUBUTSTN=MCX,0,20130802,10:08:42,33.117000000,491 000
RUBUTSTN=MCX,0,20130802,10:08:42,33.118000000,50 000
RUBUTSTN=MCX,0,20130802,10:08:42,33.118000000,1 000
RUBUTSTN=MCX,0,20130802,10:08:43,33.117500000,50 000
RUBUTSTN=MCX,0,20130802,10:08:43,33.116500000,500 000
RUBUTSTN=MCX,0,20130802,10:08:43,33.115500000,450 000
RUBUTSTN=MCX,0,20130802,10:08:44,33.118000000,50 000
RUBUTSTN=MCX,0,20130802,10:08:44,33.118000000,1 000
RUBUTSTN=MCX,0,20130802,10:08:44,33.118000000,500 000
RUBUTSTN=MCX,0,20130802,10:08:44,33.118000000,1 000
RUBUTSTN=MCX,0,20130802,10:08:44,33.118500000,50 000
RUBUTSTN=MCX,0,20130802,10:08:44,33.118500000,1 000
RUBUTSTN=MCX,0,20130802,10:08:44,33.119000000,500 000
RUBUTSTN=MCX,0,20130802,10:08:44,33.119500000,1 000
RUBUTSTN=MCX,0,20130802,10:08:44,33.119500000,2 000
RUBUTSTN=MCX,0,20130802,10:08:44,33.119500000,48 000
RUBUTSTN=MCX,0,20130802,10:08:44,33.120500000,200 000
RUBUTSTN=MCX,0,20130802,10:08:44,33.121000000,550 000
RUBUTSTN=MCX,0,20130802,10:08:44,33.122000000,143 000
RUBUTSTN=MCX,0,20130802,10:08:44,33.122500000,250 000
RUBUTSTN=MCX,0,20130802,10:08:44,33.122500000,100 000
RUBUTSTN=MCX,0,20130802,10:08:44,33.123000000,500 000
RUBUTSTN=MCX,0,20130802,10:08:44,33.123500000,103 000
RUBUTSTN=MCX,0,20130802,10:08:44,33.117500000,1 000
RUBUTSTN=MCX,0,20130802,10:08:46,33.118000000,163 000
RUBUTSTN=MCX,0,20130802,10:08:47,33.117500000,1 000
RUBUTSTN=MCX,0,20130802,10:08:48,33.117500000,6 000
RUBUTSTN=MCX,0,20130802,10:08:48,33.120000000,144 000
RUBUTSTN=MCX,0,20130802,10:08:50,33.118000000,111 000
RUBUTSTN=MCX,0,20130802,10:08:50,33.118000000,189 000
RUBUTSTN=MCX,0,20130802,10:08:52,33.115500000,125 000
RUBUTSTN=MCX,0,20130802,10:08:57,33.114000000,500 000
RUBUTSTN=MCX,0,20130802,10:09:00,33.111000000,200 000
RUBUTSTN=MCX,0,20130802,10:09:00,33.110500000,139 000
RUBUTSTN=MCX,0,20130802,10:09:00,33.110000000,500 000
RUBUTSTN=MCX,0,20130802,10:09:00,33.110000000,161 000
RUBUTSTN=MCX,0,20130802,10:09:08,33.111000000,11 000
RUBUTSTN=MCX,0,20130802,10:09:08,33.112000000,216 000
RUBUTSTN=MCX,0,20130802,10:09:08,33.112000000,293 000
RUBUTSTN=MCX,0,20130802,10:09:08,33.112000000,291 000
RUBUTSTN=MCX,0,20130802,10:09:37,33.111000000,39 000
RUBUTSTN=MCX,0,20130802,10:09:37,33.110000000,161 000
RUBUTSTN=MCX,0,20130802,10:09:48,33.110000000,339 000
RUBUTSTN=MCX,0,20130802,10:09:48,33.110000000,500 000
RUBUTSTN=MCX,0,20130802,10:09:48,33.110000000,161 000
RUBUTSTN=MCX,0,20130802,10:09:48,33.110000000,449 000
RUBUTSTN=MCX,0,20130802,10:09:50,33.110000000,50 000
RUBUTSTN=MCX,0,20130802,10:09:50,33.108000000,150 000
RUBUTSTN=MCX,0,20130802,10:09:55,33.111500000,8 000
RUBUTSTN=MCX,0,20130802,10:09:55,33.111500000,50 000
RUBUTSTN=MCX,0,20130802,10:10:08,33.111000000,118 000
RUBUTSTN=MCX,0,20130802,10:10:54,33.108500000,50 000
RUBUTSTN=MCX,0,20130802,10:11:00,33.104500000,200 000
RUBUTSTN=MCX,0,20130802,10:11:03,33.106000000,500 000
RUBUTSTN=MCX,0,20130802,10:11:07,33.103500000,1 000
RUBUTSTN=MCX,0,20130802,10:11:12,33.102000000,200 000
RUBUTSTN=MCX,0,20130802,10:11:12,33.102000000,200 000
RUBUTSTN=MCX,0,20130802,10:11:12,33.101500000,500 000
RUBUTSTN=MCX,0,20130802,10:11:12,33.101500000,134 000
RUBUTSTN=MCX,0,20130802,10:11:12,33.101500000,791 000
RUBUTSTN=MCX,0,20130802,10:11:12,33.101500000,336 000
RUBUTSTN=MCX,0,20130802,10:11:12,33.104500000,51 000
RUBUTSTN=MCX,0,20130802,10:11:12,33.102500000,500 000
RUBUTSTN=MCX,0,20130802,10:11:12,33.103500000,40 000
RUBUTSTN=MCX,0,20130802,10:11:12,33.103500000,11 000
RUBUTSTN=MCX,0,20130802,10:11:13,33.101000000,200 000
RUBUTSTN=MCX,0,20130802,10:11:13,33.101000000,500 000
RUBUTSTN=MCX,0,20130802,10:11:13,33.101000000,330 000
RUBUTSTN=MCX,0,20130802,10:11:13,33.101000000,44 000
RUBUTSTN=MCX,0,20130802,10:11:13,33.101000000,119 000
RUBUTSTN=MCX,0,20130802,10:11:13,33.103500000,500 000
RUBUTSTN=MCX,0,20130802,10:11:13,33.102500000,49 000
RUBUTSTN=MCX,0,20130802,10:11:13,33.101000000,1 000
RUBUTSTN=MCX,0,20130802,10:11:17,33.103500000,51 000
RUBUTSTN=MCX,0,20130802,10:11:22,33.101000000,199 000
RUBUTSTN=MCX,0,20130802,10:11:22,33.100500000,49 000
RUBUTSTN=MCX,0,20130802,10:11:26,33.102500000,51 000
RUBUTSTN=MCX,0,20130802,10:11:26,33.104000000,279 000
RUBUTSTN=MCX,0,20130802,10:11:32,33.103500000,200 000
RUBUTSTN=MCX,0,20130802,10:11:32,33.103500000,100 000
RUBUTSTN=MCX,0,20130802,10:12:09,33.105000000,3 000
RUBUTSTN=MCX,0,20130802,10:12:11,33.105000000,50 000
RUBUTSTN=MCX,0,20130802,10:12:11,33.105000000,111 000
RUBUTSTN=MCX,0,20130802,10:12:16,33.106500000,20 000
RUBUTSTN=MCX,0,20130802,10:12:53,33.102500000,100 000
RUBUTSTN=MCX,0,20130802,10:13:02,33.100000000,12 000
RUBUTSTN=MCX,0,20130802,10:13:03,33.101500000,14 000
RUBUTSTN=MCX,0,20130802,10:13:03,33.102000000,647 000
RUBUTSTN=MCX,0,20130802,10:13:05,33.100000000,1 000
RUBUTSTN=MCX,0,20130802,10:13:07,33.100000000,123 000
RUBUTSTN=MCX,0,20130802,10:13:08,33.100000000,51 000
RUBUTSTN=MCX,0,20130802,10:13:08,33.100500000,3 000
RUBUTSTN=MCX,0,20130802,10:13:09,33.100000000,123 000
RUBUTSTN=MCX,0,20130802,10:13:10,33.100500000,48 000
RUBUTSTN=MCX,0,20130802,10:13:10,33.100500000,6 000
RUBUTSTN=MCX,0,20130802,10:13:10,33.100500000,45 000
RUBUTSTN=MCX,0,20130802,10:13:11,33.100000000,123 000
RUBUTSTN=MCX,0,20130802,10:13:14,33.100000000,123 000
RUBUTSTN=MCX,0,20130802,10:13:16,33.100000000,123 000
RUBUTSTN=MCX,0,20130802,10:13:18,33.100000000,123 000
RUBUTSTN=MCX,0,20130802,10:13:20,33.100000000,30 000
RUBUTSTN=MCX,0,20130802,10:13:21,33.100000000,123 000
RUBUTSTN=MCX,0,20130802,10:13:23,33.100000000,123 000
RUBUTSTN=MCX,0,20130802,10:13:23,33.100000000,108 000
RUBUTSTN=MCX,0,20130802,10:13:23,33.100000000,1 268 000
RUBUTSTN=MCX,0,20130802,10:13:23,33.100000000,1 000 000
RUBUTSTN=MCX,0,20130802,10:13:23,33.100000000,232 000
RUBUTSTN=MCX,0,20130802,10:13:23,33.101500000,3 000
RUBUTSTN=MCX,0,20130802,10:13:23,33.101500000,7 000
RUBUTSTN=MCX,0,20130802,10:13:25,33.098000000,123 000
RUBUTSTN=MCX,0,20130802,10:13:28,33.098000000,77 000
RUBUTSTN=MCX,0,20130802,10:13:28,33.097500000,46 000
RUBUTSTN=MCX,0,20130802,10:13:30,33.101000000,50 000
RUBUTSTN=MCX,0,20130802,10:13:31,33.097500000,119 000
RUBUTSTN=MCX,0,20130802,10:13:31,33.097000000,4 000
RUBUTSTN=MCX,0,20130802,10:13:34,33.100000000,140 000
RUBUTSTN=MCX,0,20130802,10:13:34,33.100500000,400 000
RUBUTSTN=MCX,0,20130802,10:13:43,33.102000000,1 000
RUBUTSTN=MCX,0,20130802,10:13:43,33.102000000,1 000
RUBUTSTN=MCX,0,20130802,10:13:43,33.102000000,44 000
RUBUTSTN=MCX,0,20130802,10:13:43,33.102000000,6 000
RUBUTSTN=MCX,0,20130802,10:13:43,33.102000000,1 000
RUBUTSTN=MCX,0,20130802,10:13:43,33.102000000,147 000
RUBUTSTN=MCX,0,20130802,10:13:46,33.102500000,51 000
RUBUTSTN=MCX,0,20130802,10:13:46,33.103500000,51 000
RUBUTSTN=MCX,0,20130802,10:13:46,33.103000000,51 000
RUBUTSTN=MCX,0,20130802,10:13:50,33.101500000,123 000
RUBUTSTN=MCX,0,20130802,10:13:52,33.101500000,77 000
RUBUTSTN=MCX,0,20130802,10:13:52,33.101000000,46 000
RUBUTSTN=MCX,0,20130802,10:14:03,33.101500000,123 000
RUBUTSTN=MCX,0,20130802,10:14:22,33.100000000,100 000
RUBUTSTN=MCX,0,20130802,10:14:27,33.095500000,1 000
RUBUTSTN=MCX,0,20130802,10:14:34,33.099500000,1 000
RUBUTSTN=MCX,0,20130802,10:14:34,33.100000000,199 000
RUBUTSTN=MCX,0,20130802,10:14:40,33.100000000,45 000
RUBUTSTN=MCX,0,20130802,10:14:51,33.097500000,29 000
RUBUTSTN=MCX,0,20130802,10:14:51,33.097500000,22 000
RUBUTSTN=MCX,0,20130802,10:15:21,33.099000000,2 000
RUBUTSTN=MCX,0,20130802,10:15:21,33.099000000,300 000
RUBUTSTN=MCX,0,20130802,10:15:21,33.100000000,156 000
RUBUTSTN=MCX,0,20130802,10:15:37,33.100000000,500 000
RUBUTSTN=MCX,0,20130802,10:15:37,33.099500000,500 000
RUBUTSTN=MCX,0,20130802,10:15:37,33.099000000,998 000
RUBUTSTN=MCX,0,20130802,10:15:37,33.099000000,2 000
RUBUTSTN=MCX,0,20130802,10:16:01,33.101000000,30 000
RUBUTSTN=MCX,0,20130802,10:16:06,33.096000000,75 000
RUBUTSTN=MCX,0,20130802,10:16:06,33.095500000,48 000
RUBUTSTN=MCX,0,20130802,10:16:08,33.095500000,92 000
RUBUTSTN=MCX,0,20130802,10:16:08,33.095000000,31 000
RUBUTSTN=MCX,0,20130802,10:16:10,33.095500000,123 000
RUBUTSTN=MCX,0,20130802,10:16:12,33.095500000,123 000
RUBUTSTN=MCX,0,20130802,10:16:14,33.100000000,123 000
RUBUTSTN=MCX,0,20130802,10:16:16,33.100000000,123 000
RUBUTSTN=MCX,0,20130802,10:16:18,33.100000000,123 000
RUBUTSTN=MCX,0,20130802,10:16:19,33.100000000,500 000
RUBUTSTN=MCX,0,20130802,10:16:20,33.100000000,123 000
RUBUTSTN=MCX,0,20130802,10:16:22,33.100000000,123 000
RUBUTSTN=MCX,0,20130802,10:16:24,33.100000000,123 000
RUBUTSTN=MCX,0,20130802,10:16:27,33.100000000,1 000
RUBUTSTN=MCX,0,20130802,10:16:30,33.100000000,1 057 000
RUBUTSTN=MCX,0,20130802,10:16:31,33.100000000,123 000
RUBUTSTN=MCX,0,20130802,10:16:32,33.100000000,123 000
RUBUTSTN=MCX,0,20130802,10:16:35,33.100000000,123 000
RUBUTSTN=MCX,0,20130802,10:16:37,33.100000000,123 000
RUBUTSTN=MCX,0,20130802,10:16:40,33.100000000,123 000
RUBUTSTN=MCX,0,20130802,10:16:40,33.101500000,11 000
RUBUTSTN=MCX,0,20130802,10:16:42,33.100000000,123 000
RUBUTSTN=MCX,0,20130802,10:16:44,33.100000000,123 000
RUBUTSTN=MCX,0,20130802,10:16:55,33.100000000,843 000
RUBUTSTN=MCX,0,20130802,10:17:05,33.095000000,1 000
RUBUTSTN=MCX,0,20130802,10:17:17,33.099000000,55 000
RUBUTSTN=MCX,0,20130802,10:17:32,33.100000000,85 000
RUBUTSTN=MCX,0,20130802,10:17:32,33.100000000,129 000
RUBUTSTN=MCX,0,20130802,10:17:32,33.100000000,286 000
RUBUTSTN=MCX,0,20130802,10:17:51,33.100000000,200 000
RUBUTSTN=MCX,0,20130802,10:17:56,33.097000000,1 000
RUBUTSTN=MCX,0,20130802,10:18:11,33.101000000,50 000
RUBUTSTN=MCX,0,20130802,10:18:13,33.097000000,140 000
RUBUTSTN=MCX,0,20130802,10:18:23,33.097500000,1 000
RUBUTSTN=MCX,0,20130802,10:18:31,33.100000000,100 000
RUBUTSTN=MCX,0,20130802,10:18:34,33.101500000,200 000
RUBUTSTN=MCX,0,20130802,10:18:34,33.101500000,140 000
RUBUTSTN=MCX,0,20130802,10:18:35,33.101500000,200 000
RUBUTSTN=MCX,0,20130802,10:18:35,33.100000000,1 500 000
RUBUTSTN=MCX,0,20130802,10:18:35,33.100000000,1 300 000
RUBUTSTN=MCX,0,20130802,10:18:35,33.100000000,1 200 000
RUBUTSTN=MCX,0,20130802,10:18:35,33.100000000,200 000
RUBUTSTN=MCX,0,20130802,10:18:46,33.102000000,51 000
RUBUTSTN=MCX,0,20130802,10:18:46,33.102000000,100 000
RUBUTSTN=MCX,0,20130802,10:18:50,33.101500000,1 000
RUBUTSTN=MCX,0,20130802,10:18:52,33.101500000,225 000
RUBUTSTN=MCX,0,20130802,10:18:52,33.101500000,149 000
RUBUTSTN=MCX,0,20130802,10:18:52,33.101500000,158 000
RUBUTSTN=MCX,0,20130802,10:18:52,33.101500000,468 000
RUBUTSTN=MCX,0,20130802,10:19:25,33.105000000,78 000
RUBUTSTN=MCX,0,20130802,10:19:25,33.105000000,5 000
RUBUTSTN=MCX,0,20130802,10:19:27,33.105000000,1 000
RUBUTSTN=MCX,0,20130802,10:19:32,33.105500000,1 000
RUBUTSTN=MCX,0,20130802,10:19:42,33.106000000,1 000
RUBUTSTN=MCX,0,20130802,10:19:54,33.106000000,1 000
RUBUTSTN=MCX,0,20130802,10:20:01,33.105000000,916 000
RUBUTSTN=MCX,0,20130802,10:20:02,33.105000000,84 000
RUBUTSTN=MCX,0,20130802,10:20:27,33.108000000,1 000
RUBUTSTN=MCX,0,20130802,10:20:27,33.108500000,287 000
RUBUTSTN=MCX,0,20130802,10:20:37,33.103500000,500 000
RUBUTSTN=MCX,0,20130802,10:20:37,33.103000000,200 000
RUBUTSTN=MCX,0,20130802,10:20:37,33.102500000,325 000
RUBUTSTN=MCX,0,20130802,10:20:37,33.102500000,1 000
RUBUTSTN=MCX,0,20130802,10:20:37,33.102500000,9 000
RUBUTSTN=MCX,0,20130802,10:20:37,33.100500000,1 000
RUBUTSTN=MCX,0,20130802,10:20:37,33.102000000,33 000
RUBUTSTN=MCX,0,20130802,10:20:38,33.102000000,500 000
RUBUTSTN=MCX,0,20130802,10:20:38,33.102500000,1 000 000
RUBUTSTN=MCX,0,20130802,10:20:38,33.102500000,635 000
RUBUTSTN=MCX,0,20130802,10:20:54,33.101000000,500 000
RUBUTSTN=MCX,0,20130802,10:20:54,33.101000000,200 000
RUBUTSTN=MCX,0,20130802,10:20:54,33.100500000,25 000
RUBUTSTN=MCX,0,20130802,10:20:54,33.100500000,140 000
RUBUTSTN=MCX,0,20130802,10:20:54,33.100000000,1 000 000
RUBUTSTN=MCX,0,20130802,10:20:54,33.100000000,1 000 000
RUBUTSTN=MCX,0,20130802,10:20:54,33.100000000,335 000
RUBUTSTN=MCX,0,20130802,10:20:54,33.102000000,140 000
RUBUTSTN=MCX,0,20130802,10:20:54,33.102000000,200 000
RUBUTSTN=MCX,0,20130802,10:20:54,33.102500000,160 000
RUBUTSTN=MCX,0,20130802,10:21:00,33.103500000,1 000
RUBUTSTN=MCX,0,20130802,10:21:03,33.104000000,200 000
RUBUTSTN=MCX,0,20130802,10:21:03,33.104000000,100 000
RUBUTSTN=MCX,0,20130802,10:21:03,33.104500000,30 000
RUBUTSTN=MCX,0,20130802,10:21:03,33.104500000,21 000
RUBUTSTN=MCX,0,20130802,10:21:04,33.103500000,200 000
RUBUTSTN=MCX,0,20130802,10:21:21,33.105500000,200 000
RUBUTSTN=MCX,0,20130802,10:21:21,33.105000000,1 500 000
RUBUTSTN=MCX,0,20130802,10:21:21,33.105000000,300 000
RUBUTSTN=MCX,0,20130802,10:21:27,33.107000000,15 000
RUBUTSTN=MCX,0,20130802,10:21:30,33.107000000,300 000
RUBUTSTN=MCX,0,20130802,10:21:32,33.107000000,38 000
RUBUTSTN=MCX,0,20130802,10:21:51,33.107000000,647 000
RUBUTSTN=MCX,0,20130802,10:21:51,33.105000000,200 000
RUBUTSTN=MCX,0,20130802,10:22:09,33.105500000,140 000
RUBUTSTN=MCX,0,20130802,10:22:09,33.105000000,860 000
RUBUTSTN=MCX,0,20130802,10:22:13,33.103500000,123 000
RUBUTSTN=MCX,0,20130802,10:22:15,33.103500000,123 000
RUBUTSTN=MCX,0,20130802,10:22:17,33.102000000,25 000
RUBUTSTN=MCX,0,20130802,10:22:17,33.101500000,98 000
RUBUTSTN=MCX,0,20130802,10:22:20,33.101500000,102 000
RUBUTSTN=MCX,0,20130802,10:22:20,33.101500000,21 000
RUBUTSTN=MCX,0,20130802,10:22:22,33.101500000,25 000
RUBUTSTN=MCX,0,20130802,10:22:22,33.101500000,98 000
RUBUTSTN=MCX,0,20130802,10:22:24,33.102000000,123 000
RUBUTSTN=MCX,0,20130802,10:22:26,33.102000000,110 000
RUBUTSTN=MCX,0,20130802,10:22:26,33.101500000,13 000
RUBUTSTN=MCX,0,20130802,10:22:26,33.100000000,9 000 000
RUBUTSTN=MCX,0,20130802,10:22:26,33.100000000,1 000 000
RUBUTSTN=MCX,0,20130802,10:22:28,33.099000000,50 000
RUBUTSTN=MCX,0,20130802,10:22:28,33.098000000,163 000
RUBUTSTN=MCX,0,20130802,10:22:30,33.098000000,123 000
RUBUTSTN=MCX,0,20130802,10:22:32,33.102500000,40 000
RUBUTSTN=MCX,0,20130802,10:22:33,33.098500000,25 000
RUBUTSTN=MCX,0,20130802,10:22:33,33.098000000,98 000
RUBUTSTN=MCX,0,20130802,10:22:35,33.098500000,123 000
RUBUTSTN=MCX,0,20130802,10:22:37,33.097500000,123 000
RUBUTSTN=MCX,0,20130802,10:22:38,33.102500000,50 000
RUBUTSTN=MCX,0,20130802,10:22:39,33.098000000,50 000
RUBUTSTN=MCX,0,20130802,10:22:39,33.097500000,50 000
RUBUTSTN=MCX,0,20130802,10:22:39,33.097000000,23 000
RUBUTSTN=MCX,0,20130802,10:22:41,33.100000000,70 000
RUBUTSTN=MCX,0,20130802,10:22:42,33.100000000,123 000
RUBUTSTN=MCX,0,20130802,10:22:44,33.100000000,123 000
RUBUTSTN=MCX,0,20130802,10:22:47,33.100000000,123 000
RUBUTSTN=MCX,0,20130802,10:22:50,33.100000000,123 000
RUBUTSTN=MCX,0,20130802,10:22:52,33.100000000,123 000
RUBUTSTN=MCX,0,20130802,10:22:54,33.100000000,123 000
RUBUTSTN=MCX,0,20130802,10:22:56,33.103000000,500 000
RUBUTSTN=MCX,0,20130802,10:22:56,33.103000000,494 000
RUBUTSTN=MCX,0,20130802,10:22:56,33.100000000,123 000
RUBUTSTN=MCX,0,20130802,10:22:56,33.103000000,6 000
RUBUTSTN=MCX,0,20130802,10:22:56,33.103500000,156 000
RUBUTSTN=MCX,0,20130802,10:22:57,33.103000000,184 000
RUBUTSTN=MCX,0,20130802,10:22:59,33.100000000,123 000
RUBUTSTN=MCX,0,20130802,10:23:01,33.100000000,123 000
RUBUTSTN=MCX,0,20130802,10:23:03,33.100500000,123 000
RUBUTSTN=MCX,0,20130802,10:23:05,33.100500000,123 000
RUBUTSTN=MCX,0,20130802,10:23:08,33.100000000,123 000
RUBUTSTN=MCX,0,20130802,10:23:08,33.100000000,700 000
RUBUTSTN=MCX,0,20130802,10:23:08,33.100000000,1 000 000
RUBUTSTN=MCX,0,20130802,10:23:08,33.100000000,1 000
RUBUTSTN=MCX,0,20130802,10:23:10,33.100000000,40 000
RUBUTSTN=MCX,0,20130802,10:23:10,33.100000000,205 000
RUBUTSTN=MCX,0,20130802,10:23:10,33.099000000,25 000
RUBUTSTN=MCX,0,20130802,10:23:10,33.098500000,98 000
RUBUTSTN=MCX,0,20130802,10:23:16,33.098500000,1 000
RUBUTSTN=MCX,0,20130802,10:23:20,33.099500000,26 000
RUBUTSTN=MCX,0,20130802,10:23:21,33.099500000,132 000
RUBUTSTN=MCX,0,20130802,10:23:40,33.100000000,500 000
RUBUTSTN=MCX,0,20130802,10:23:43,33.100000000,4 500 000
RUBUTSTN=MCX,0,20130802,10:23:43,33.098000000,200 000
RUBUTSTN=MCX,0,20130802,10:24:38,33.099000000,500 000
RUBUTSTN=MCX,0,20130802,10:24:53,33.099000000,49 000
RUBUTSTN=MCX,0,20130802,10:25:09,33.097500000,50 000
RUBUTSTN=MCX,0,20130802,10:25:09,33.097500000,50 000
RUBUTSTN=MCX,0,20130802,10:25:09,33.098500000,500 000
RUBUTSTN=MCX,0,20130802,10:25:12,33.099000000,70 000
RUBUTSTN=MCX,0,20130802,10:25:12,33.099000000,140 000
RUBUTSTN=MCX,0,20130802,10:25:12,33.099000000,400 000
RUBUTSTN=MCX,0,20130802,10:25:12,33.099500000,390 000
RUBUTSTN=MCX,0,20130802,10:25:20,33.099000000,174 000
RUBUTSTN=MCX,0,20130802,10:25:33,33.099000000,322 000
RUBUTSTN=MCX,0,20130802,10:25:34,33.096000000,140 000
RUBUTSTN=MCX,0,20130802,10:25:34,33.095500000,9 000
RUBUTSTN=MCX,0,20130802,10:25:34,33.095500000,400 000
RUBUTSTN=MCX,0,20130802,10:25:34,33.095000000,551 000
RUBUTSTN=MCX,0,20130802,10:25:37,33.095500000,200 000
RUBUTSTN=MCX,0,20130802,10:25:37,33.095000000,100 000
RUBUTSTN=MCX,0,20130802,10:25:37,33.095000000,200 000
RUBUTSTN=MCX,0,20130802,10:25:58,33.097500000,1 000
RUBUTSTN=MCX,0,20130802,10:26:14,33.097000000,50 000
RUBUTSTN=MCX,0,20130802,10:26:14,33.097000000,400 000
RUBUTSTN=MCX,0,20130802,10:26:14,33.097000000,200 000
RUBUTSTN=MCX,0,20130802,10:26:14,33.097000000,350 000
RUBUTSTN=MCX,0,20130802,10:26:16,33.093000000,1 000
RUBUTSTN=MCX,0,20130802,10:26:16,33.093000000,9 000
RUBUTSTN=MCX,0,20130802,10:26:23,33.095000000,2 500 000
RUBUTSTN=MCX,0,20130802,10:26:26,33.095500000,59 000
RUBUTSTN=MCX,0,20130802,10:26:41,33.092500000,1 000
RUBUTSTN=MCX,0,20130802,10:26:42,33.092500000,1 000
RUBUTSTN=MCX,0,20130802,10:26:55,33.097500000,200 000
RUBUTSTN=MCX,0,20130802,10:26:55,33.098000000,500 000
RUBUTSTN=MCX,0,20130802,10:26:55,33.098000000,125 000
RUBUTSTN=MCX,0,20130802,10:26:55,33.098000000,140 000
RUBUTSTN=MCX,0,20130802,10:27:03,33.095000000,1 000
RUBUTSTN=MCX,0,20130802,10:27:08,33.095000000,1 000
RUBUTSTN=MCX,0,20130802,10:27:15,33.096000000,5 000
RUBUTSTN=MCX,0,20130802,10:27:24,33.095000000,1 000
RUBUTSTN=MCX,0,20130802,10:27:25,33.097500000,877 000
RUBUTSTN=MCX,0,20130802,10:27:25,33.097500000,123 000
RUBUTSTN=MCX,0,20130802,10:27:25,33.097500000,400 000
RUBUTSTN=MCX,0,20130802,10:27:44,33.096000000,500 000
RUBUTSTN=MCX,0,20130802,10:27:44,33.096000000,500 000
RUBUTSTN=MCX,0,20130802,10:28:08,33.095000000,1 000
RUBUTSTN=MCX,0,20130802,10:28:09,33.095000000,1 000
RUBUTSTN=MCX,0,20130802,10:28:09,33.095000000,1 000
RUBUTSTN=MCX,0,20130802,10:28:10,33.095000000,1 000
RUBUTSTN=MCX,0,20130802,10:28:12,33.095000000,85 000
RUBUTSTN=MCX,0,20130802,10:28:12,33.095000000,100 000
RUBUTSTN=MCX,0,20130802,10:28:17,33.096500000,200 000
RUBUTSTN=MCX,0,20130802,10:28:17,33.097000000,140 000
RUBUTSTN=MCX,0,20130802,10:28:17,33.097500000,4 660 000
RUBUTSTN=MCX,0,20130802,10:28:23,33.094500000,2 000
RUBUTSTN=MCX,0,20130802,10:28:55,33.093500000,123 000
RUBUTSTN=MCX,0,20130802,10:28:58,33.093500000,77 000
RUBUTSTN=MCX,0,20130802,10:28:58,33.093500000,46 000
RUBUTSTN=MCX,0,20130802,10:28:58,33.094000000,200 000
RUBUTSTN=MCX,0,20130802,10:28:58,33.093500000,94 000
RUBUTSTN=MCX,0,20130802,10:28:58,33.093000000,1 000 000
RUBUTSTN=MCX,0,20130802,10:28:58,33.093000000,256 000
RUBUTSTN=MCX,0,20130802,10:29:00,33.094000000,123 000
RUBUTSTN=MCX,0,20130802,10:29:02,33.094000000,77 000
RUBUTSTN=MCX,0,20130802,10:29:02,33.094000000,46 000
RUBUTSTN=MCX,0,20130802,10:29:03,33.094000000,200 000
RUBUTSTN=MCX,0,20130802,10:29:03,33.094000000,1 000 000
RUBUTSTN=MCX,0,20130802,10:29:03,33.094000000,327 000
RUBUTSTN=MCX,0,20130802,10:29:04,33.093000000,123 000
RUBUTSTN=MCX,0,20130802,10:29:06,33.092500000,46 000
RUBUTSTN=MCX,0,20130802,10:29:06,33.091000000,77 000
RUBUTSTN=MCX,0,20130802,10:29:07,33.091000000,123 000
RUBUTSTN=MCX,0,20130802,10:29:09,33.094500000,112 000
RUBUTSTN=MCX,0,20130802,10:29:09,33.091500000,11 000
RUBUTSTN=MCX,0,20130802,10:29:12,33.090500000,213 000
RUBUTSTN=MCX,0,20130802,10:29:12,33.090500000,200 000
RUBUTSTN=MCX,0,20130802,10:29:12,33.090500000,3 000
RUBUTSTN=MCX,0,20130802,10:29:14,33.090500000,123 000
RUBUTSTN=MCX,0,20130802,10:29:16,33.090500000,123 000
RUBUTSTN=MCX,0,20130802,10:29:19,33.090500000,123 000
RUBUTSTN=MCX,0,20130802,10:29:22,33.091000000,123 000
RUBUTSTN=MCX,0,20130802,10:29:23,33.091000000,177 000
RUBUTSTN=MCX,0,20130802,10:29:23,33.090500000,2 038 000
RUBUTSTN=MCX,0,20130802,10:29:24,33.090500000,123 000
RUBUTSTN=MCX,0,20130802,10:29:26,33.090500000,54 000
RUBUTSTN=MCX,0,20130802,10:29:26,33.090500000,69 000
RUBUTSTN=MCX,0,20130802,10:29:28,33.092500000,123 000
RUBUTSTN=MCX,0,20130802,10:29:30,33.092500000,1 000
RUBUTSTN=MCX,0,20130802,10:29:33,33.092500000,4 876 000
RUBUTSTN=MCX,0,20130802,10:29:34,33.092000000,118 000
RUBUTSTN=MCX,0,20130802,10:29:37,33.090500000,1 000
RUBUTSTN=MCX,0,20130802,10:29:42,33.090000000,1 000
RUBUTSTN=MCX,0,20130802,10:29:46,33.092000000,500 000
RUBUTSTN=MCX,0,20130802,10:29:49,33.090000000,123 000
RUBUTSTN=MCX,0,20130802,10:29:51,33.090000000,123 000
RUBUTSTN=MCX,0,20130802,10:29:51,33.090000000,70 000
RUBUTSTN=MCX,0,20130802,10:29:53,33.090500000,51 000
RUBUTSTN=MCX,0,20130802,10:29:53,33.090000000,83 000
RUBUTSTN=MCX,0,20130802,10:29:53,33.090000000,300 000
RUBUTSTN=MCX,0,20130802,10:29:53,33.089000000,200 000
RUBUTSTN=MCX,0,20130802,10:29:53,33.088500000,400 000
RUBUTSTN=MCX,0,20130802,10:29:53,33.088000000,2 400 000
RUBUTSTN=MCX,0,20130802,10:30:02,33.088000000,53 000
RUBUTSTN=MCX,0,20130802,10:30:04,33.089500000,10 000
RUBUTSTN=MCX,0,20130802,10:30:07,33.088500000,123 000
RUBUTSTN=MCX,0,20130802,10:30:10,33.088000000,213 000
RUBUTSTN=MCX,0,20130802,10:30:12,33.088000000,123 000
RUBUTSTN=MCX,0,20130802,10:30:13,33.089500000,400 000
RUBUTSTN=MCX,0,20130802,10:30:14,33.088500000,123 000
RUBUTSTN=MCX,0,20130802,10:30:16,33.088000000,123 000
RUBUTSTN=MCX,0,20130802,10:30:19,33.088500000,123 000
RUBUTSTN=MCX,0,20130802,10:30:22,33.090000000,200 000
RUBUTSTN=MCX,0,20130802,10:30:22,33.090000000,200 000
RUBUTSTN=MCX,0,20130802,10:30:27,33.089000000,3 000 000
RUBUTSTN=MCX,0,20130802,10:30:27,33.088000000,88 000
RUBUTSTN=MCX,0,20130802,10:30:27,33.088000000,500 000
RUBUTSTN=MCX,0,20130802,10:30:27,33.087500000,50 000
RUBUTSTN=MCX,0,20130802,10:30:27,33.089000000,100 000
RUBUTSTN=MCX,0,20130802,10:30:28,33.089000000,40 000
RUBUTSTN=MCX,0,20130802,10:30:28,33.089500000,500 000
RUBUTSTN=MCX,0,20130802,10:30:28,33.089500000,500 000
RUBUTSTN=MCX,0,20130802,10:30:35,33.086500000,140 000
RUBUTSTN=MCX,0,20130802,10:30:35,33.086500000,200 000
RUBUTSTN=MCX,0,20130802,10:30:35,33.086000000,500 000
RUBUTSTN=MCX,0,20130802,10:30:35,33.086000000,300 000
RUBUTSTN=MCX,0,20130802,10:30:39,33.088500000,1 000
RUBUTSTN=MCX,0,20130802,10:30:50,33.086000000,200 000
RUBUTSTN=MCX,0,20130802,10:30:50,33.085500000,1 000
RUBUTSTN=MCX,0,20130802,10:30:50,33.085000000,500 000
RUBUTSTN=MCX,0,20130802,10:30:50,33.085000000,143 000
RUBUTSTN=MCX,0,20130802,10:30:50,33.085000000,50 000
RUBUTSTN=MCX,0,20130802,10:30:50,33.084500000,106 000
RUBUTSTN=MCX,0,20130802,10:30:51,33.088000000,50 000
RUBUTSTN=MCX,0,20130802,10:30:52,33.088000000,90 000
RUBUTSTN=MCX,0,20130802,10:30:52,33.088500000,500 000
RUBUTSTN=MCX,0,20130802,10:30:52,33.089000000,317 000
RUBUTSTN=MCX,0,20130802,10:31:08,33.086500000,140 000
RUBUTSTN=MCX,0,20130802,10:31:08,33.086500000,200 000
RUBUTSTN=MCX,0,20130802,10:31:08,33.086500000,143 000
RUBUTSTN=MCX,0,20130802,10:31:08,33.086000000,500 000
RUBUTSTN=MCX,0,20130802,10:31:08,33.086000000,500 000
RUBUTSTN=MCX,0,20130802,10:31:08,33.086000000,75 000
RUBUTSTN=MCX,0,20130802,10:31:08,33.086000000,42 000
RUBUTSTN=MCX,0,20130802,10:31:30,33.084000000,157 000
RUBUTSTN=MCX,0,20130802,10:31:43,33.089000000,3 000
RUBUTSTN=MCX,0,20130802,10:31:46,33.089000000,137 000
RUBUTSTN=MCX,0,20130802,10:32:19,33.087000000,57 000
RUBUTSTN=MCX,0,20130802,10:32:19,33.086000000,66 000
RUBUTSTN=MCX,0,20130802,10:32:22,33.085500000,123 000
RUBUTSTN=MCX,0,20130802,10:32:24,33.085500000,17 000
RUBUTSTN=MCX,0,20130802,10:32:24,33.085500000,106 000
RUBUTSTN=MCX,0,20130802,10:32:26,33.085500000,94 000
RUBUTSTN=MCX,0,20130802,10:32:26,33.085000000,29 000
RUBUTSTN=MCX,0,20130802,10:32:28,33.085500000,123 000
RUBUTSTN=MCX,0,20130802,10:32:31,33.085500000,77 000
RUBUTSTN=MCX,0,20130802,10:32:31,33.085000000,25 000
RUBUTSTN=MCX,0,20130802,10:32:31,33.085000000,111 000
RUBUTSTN=MCX,0,20130802,10:32:33,33.085000000,123 000
RUBUTSTN=MCX,0,20130802,10:32:35,33.085000000,123 000
RUBUTSTN=MCX,0,20130802,10:32:37,33.085000000,77 000
RUBUTSTN=MCX,0,20130802,10:32:37,33.085000000,46 000
RUBUTSTN=MCX,0,20130802,10:32:40,33.085000000,123 000
RUBUTSTN=MCX,0,20130802,10:32:42,33.085000000,123 000
RUBUTSTN=MCX,0,20130802,10:32:46,33.084500000,123 000
RUBUTSTN=MCX,0,20130802,10:32:48,33.084500000,123 000
RUBUTSTN=MCX,0,20130802,10:32:56,33.084500000,13 000
RUBUTSTN=MCX,0,20130802,10:32:58,33.089000000,140 000
RUBUTSTN=MCX,0,20130802,10:32:58,33.089000000,10 000
RUBUTSTN=MCX,0,20130802,10:32:58,33.085000000,13 000
RUBUTSTN=MCX,0,20130802,10:33:00,33.085000000,123 000
RUBUTSTN=MCX,0,20130802,10:33:02,33.089000000,10 000
RUBUTSTN=MCX,0,20130802,10:33:03,33.085500000,14 000
RUBUTSTN=MCX,0,20130802,10:33:03,33.085000000,109 000
RUBUTSTN=MCX,0,20130802,10:33:05,33.085000000,13 000
RUBUTSTN=MCX,0,20130802,10:33:10,33.084500000,123 000
RUBUTSTN=MCX,0,20130802,10:33:12,33.084500000,123 000
RUBUTSTN=MCX,0,20130802,10:33:14,33.084500000,123 000
RUBUTSTN=MCX,0,20130802,10:33:17,33.085000000,50 000
RUBUTSTN=MCX,0,20130802,10:33:17,33.085000000,73 000
RUBUTSTN=MCX,0,20130802,10:33:21,33.085000000,1 000
RUBUTSTN=MCX,0,20130802,10:33:26,33.089000000,140 000
RUBUTSTN=MCX,0,20130802,10:33:37,33.086500000,123 000
RUBUTSTN=MCX,0,20130802,10:33:39,33.087000000,123 000
RUBUTSTN=MCX,0,20130802,10:33:41,33.090000000,2 000 000
RUBUTSTN=MCX,0,20130802,10:33:41,33.090000000,270 000
RUBUTSTN=MCX,0,20130802,10:33:41,33.090000000,70 000
RUBUTSTN=MCX,0,20130802,10:33:42,33.089000000,17 000
RUBUTSTN=MCX,0,20130802,10:33:42,33.089000000,106 000
RUBUTSTN=MCX,0,20130802,10:33:43,33.091500000,1 134 000
RUBUTSTN=MCX,0,20130802,10:33:44,33.089000000,25 000
RUBUTSTN=MCX,0,20130802,10:33:44,33.089000000,98 000
RUBUTSTN=MCX,0,20130802,10:33:47,33.088000000,123 000
RUBUTSTN=MCX,0,20130802,10:33:49,33.089000000,123 000
RUBUTSTN=MCX,0,20130802,10:33:52,33.089000000,77 000
RUBUTSTN=MCX,0,20130802,10:33:52,33.088500000,46 000
RUBUTSTN=MCX,0,20130802,10:33:55,33.090000000,123 000
RUBUTSTN=MCX,0,20130802,10:33:58,33.090000000,77 000
RUBUTSTN=MCX,0,20130802,10:33:58,33.089000000,46 000
RUBUTSTN=MCX,0,20130802,10:34:01,33.088500000,50 000
RUBUTSTN=MCX,0,20130802,10:34:01,33.088500000,73 000
RUBUTSTN=MCX,0,20130802,10:34:03,33.088000000,75 000
RUBUTSTN=MCX,0,20130802,10:34:03,33.087500000,48 000
RUBUTSTN=MCX,0,20130802,10:34:05,33.086000000,123 000
RUBUTSTN=MCX,0,20130802,10:35:09,33.093500000,7 000
RUBUTSTN=MCX,0,20130802,10:35:44,33.094000000,400 000
RUBUTSTN=MCX,0,20130802,10:35:44,33.094000000,51 000
RUBUTSTN=MCX,0,20130802,10:36:35,33.097000000,100 000
RUBUTSTN=MCX,0,20130802,10:37:36,33.094000000,1 000
RUBUTSTN=MCX,0,20130802,10:37:44,33.094000000,157 000
RUBUTSTN=MCX,0,20130802,10:38:09,33.092000000,1 000
RUBUTSTN=MCX,0,20130802,10:38:31,33.091500000,1 000
RUBUTSTN=MCX,0,20130802,10:38:39,33.091500000,123 000
RUBUTSTN=MCX,0,20130802,10:38:42,33.091000000,25 000
RUBUTSTN=MCX,0,20130802,10:38:42,33.090500000,98 000
RUBUTSTN=MCX,0,20130802,10:38:44,33.091000000,123 000
RUBUTSTN=MCX,0,20130802,10:38:46,33.091000000,25 000
RUBUTSTN=MCX,0,20130802,10:38:46,33.090500000,98 000
RUBUTSTN=MCX,0,20130802,10:38:49,33.090500000,123 000
RUBUTSTN=MCX,0,20130802,10:38:52,33.090500000,123 000
RUBUTSTN=MCX,0,20130802,10:38:53,33.093000000,50 000
RUBUTSTN=MCX,0,20130802,10:38:54,33.090500000,123 000
RUBUTSTN=MCX,0,20130802,10:38:57,33.090500000,123 000
RUBUTSTN=MCX,0,20130802,10:39:24,33.093000000,9 000
RUBUTSTN=MCX,0,20130802,10:39:29,33.090500000,2 000
RUBUTSTN=MCX,0,20130802,10:39:30,33.090500000,711 000
RUBUTSTN=MCX,0,20130802,10:39:31,33.090500000,343 000
RUBUTSTN=MCX,0,20130802,10:39:43,33.090500000,530 000
RUBUTSTN=MCX,0,20130802,10:39:46,33.090500000,1 000
RUBUTSTN=MCX,0,20130802,10:40:20,33.093000000,50 000
RUBUTSTN=MCX,0,20130802,10:40:26,33.093000000,182 000
RUBUTSTN=MCX,0,20130802,10:40:34,33.092500000,123 000
RUBUTSTN=MCX,0,20130802,10:40:36,33.092500000,77 000
RUBUTSTN=MCX,0,20130802,10:40:36,33.092000000,46 000
RUBUTSTN=MCX,0,20130802,10:40:38,33.092000000,123 000
RUBUTSTN=MCX,0,20130802,10:40:41,33.092000000,77 000
RUBUTSTN=MCX,0,20130802,10:40:41,33.092000000,46 000
RUBUTSTN=MCX,0,20130802,10:40:49,33.096500000,95 000
RUBUTSTN=MCX,0,20130802,10:40:57,33.092000000,123 000
RUBUTSTN=MCX,0,20130802,10:40:59,33.092000000,50 000
RUBUTSTN=MCX,0,20130802,10:40:59,33.091500000,73 000
RUBUTSTN=MCX,0,20130802,10:41:01,33.091500000,22 000
RUBUTSTN=MCX,0,20130802,10:41:01,33.091000000,101 000
RUBUTSTN=MCX,0,20130802,10:41:04,33.091000000,123 000
RUBUTSTN=MCX,0,20130802,10:41:05,33.091000000,123 000
RUBUTSTN=MCX,0,20130802,10:41:11,33.091500000,1 000
RUBUTSTN=MCX,0,20130802,10:41:31,33.091000000,75 000
RUBUTSTN=MCX,0,20130802,10:41:31,33.091000000,25 000
RUBUTSTN=MCX,0,20130802,10:41:40,33.094000000,500 000
RUBUTSTN=MCX,0,20130802,10:41:40,33.094500000,500 000
RUBUTSTN=MCX,0,20130802,10:41:40,33.095000000,200 000
RUBUTSTN=MCX,0,20130802,10:41:41,33.095500000,100 000
RUBUTSTN=MCX,0,20130802,10:41:46,33.095500000,24 000
RUBUTSTN=MCX,0,20130802,10:41:47,33.095500000,476 000
RUBUTSTN=MCX,0,20130802,10:41:47,33.095000000,1 524 000
RUBUTSTN=MCX,0,20130802,10:41:47,33.095000000,476 000
RUBUTSTN=MCX,0,20130802,10:41:47,33.095000000,1 000 000
RUBUTSTN=MCX,0,20130802,10:41:47,33.095000000,524 000
RUBUTSTN=MCX,0,20130802,10:41:51,33.095000000,5 000
RUBUTSTN=MCX,0,20130802,10:41:52,33.095000000,271 000
RUBUTSTN=MCX,0,20130802,10:41:52,33.093500000,200 000
RUBUTSTN=MCX,0,20130802,10:42:33,33.092000000,12 000
RUBUTSTN=MCX,0,20130802,10:42:50,33.094000000,220 000
RUBUTSTN=MCX,0,20130802,10:43:56,33.091500000,123 000
RUBUTSTN=MCX,0,20130802,10:43:58,33.094500000,30 000
RUBUTSTN=MCX,0,20130802,10:43:59,33.091500000,123 000
RUBUTSTN=MCX,0,20130802,10:44:03,33.091000000,123 000
RUBUTSTN=MCX,0,20130802,10:44:05,33.090500000,123 000
RUBUTSTN=MCX,0,20130802,10:44:08,33.090500000,123 000
RUBUTSTN=MCX,0,20130802,10:44:11,33.091500000,123 000
RUBUTSTN=MCX,0,20130802,10:44:13,33.091500000,123 000
RUBUTSTN=MCX,0,20130802,10:44:16,33.090500000,123 000
RUBUTSTN=MCX,0,20130802,10:44:19,33.091500000,123 000
RUBUTSTN=MCX,0,20130802,10:44:38,33.092500000,6 000
RUBUTSTN=MCX,0,20130802,10:44:48,33.092500000,44 000
RUBUTSTN=MCX,0,20130802,10:44:49,33.092500000,50 000
RUBUTSTN=MCX,0,20130802,10:44:50,33.091500000,123 000
RUBUTSTN=MCX,0,20130802,10:44:52,33.092500000,77 000
RUBUTSTN=MCX,0,20130802,10:44:53,33.091000000,123 000
RUBUTSTN=MCX,0,20130802,10:44:55,33.091000000,50 000
RUBUTSTN=MCX,0,20130802,10:44:55,33.091000000,25 000
RUBUTSTN=MCX,0,20130802,10:44:55,33.090500000,48 000
RUBUTSTN=MCX,0,20130802,10:44:56,33.092500000,50 000
RUBUTSTN=MCX,0,20130802,10:44:56,33.092500000,650 000
RUBUTSTN=MCX,0,20130802,10:44:56,33.092500000,500 000
RUBUTSTN=MCX,0,20130802,10:44:57,33.091000000,123 000
RUBUTSTN=MCX,0,20130802,10:44:58,33.092500000,132 000
RUBUTSTN=MCX,0,20130802,10:44:59,33.092500000,300 000
RUBUTSTN=MCX,0,20130802,10:44:59,33.092500000,157 000
RUBUTSTN=MCX,0,20130802,10:44:59,33.092500000,40 000
RUBUTSTN=MCX,0,20130802,10:44:59,33.093000000,500 000
RUBUTSTN=MCX,0,20130802,10:44:59,33.093000000,77 000
RUBUTSTN=MCX,0,20130802,10:44:59,33.092500000,46 000
RUBUTSTN=MCX,0,20130802,10:45:01,33.092500000,123 000
RUBUTSTN=MCX,0,20130802,10:45:03,33.091500000,123 000
RUBUTSTN=MCX,0,20130802,10:45:06,33.091000000,123 000
RUBUTSTN=MCX,0,20130802,10:45:09,33.091000000,123 000
RUBUTSTN=MCX,0,20130802,10:45:09,33.093500000,500 000
RUBUTSTN=MCX,0,20130802,10:45:09,33.094000000,183 000
RUBUTSTN=MCX,0,20130802,10:45:38,33.094000000,29 000
RUBUTSTN=MCX,0,20130802,10:45:42,33.092000000,123 000
RUBUTSTN=MCX,0,20130802,10:45:44,33.092000000,77 000
RUBUTSTN=MCX,0,20130802,10:45:44,33.092000000,46 000
RUBUTSTN=MCX,0,20130802,10:45:46,33.094500000,39 000
RUBUTSTN=MCX,0,20130802,10:45:46,33.092000000,123 000
RUBUTSTN=MCX,0,20130802,10:45:48,33.091500000,123 000
RUBUTSTN=MCX,0,20130802,10:45:50,33.091500000,123 000
RUBUTSTN=MCX,0,20130802,10:45:53,33.091500000,123 000
RUBUTSTN=MCX,0,20130802,10:45:55,33.092000000,123 000
RUBUTSTN=MCX,0,20130802,10:45:58,33.092000000,25 000
RUBUTSTN=MCX,0,20130802,10:45:58,33.091500000,98 000
RUBUTSTN=MCX,0,20130802,10:46:01,33.092000000,123 000
RUBUTSTN=MCX,0,20130802,10:46:03,33.092000000,123 000
RUBUTSTN=MCX,0,20130802,10:46:05,33.092000000,123 000
RUBUTSTN=MCX,0,20130802,10:46:11,33.093000000,5 000
RUBUTSTN=MCX,0,20130802,10:46:23,33.094000000,39 000
RUBUTSTN=MCX,0,20130802,10:46:24,33.093000000,123 000
RUBUTSTN=MCX,0,20130802,10:46:26,33.093000000,123 000
RUBUTSTN=MCX,0,20130802,10:46:28,33.093000000,123 000
RUBUTSTN=MCX,0,20130802,10:46:33,33.093000000,626 000
RUBUTSTN=MCX,0,20130802,10:46:33,33.092000000,250 000
RUBUTSTN=MCX,0,20130802,10:46:33,33.091000000,124 000
RUBUTSTN=MCX,0,20130802,10:46:34,33.091000000,76 000
RUBUTSTN=MCX,0,20130802,10:46:34,33.090500000,47 000
RUBUTSTN=MCX,0,20130802,10:46:36,33.091000000,123 000
RUBUTSTN=MCX,0,20130802,10:46:39,33.090500000,123 000
RUBUTSTN=MCX,0,20130802,10:46:41,33.090500000,123 000
RUBUTSTN=MCX,0,20130802,10:46:44,33.091000000,200 000
RUBUTSTN=MCX,0,20130802,10:46:48,33.094000000,39 000
RUBUTSTN=MCX,0,20130802,10:46:50,33.094000000,422 000
RUBUTSTN=MCX,0,20130802,10:47:31,33.094000000,500 000
RUBUTSTN=MCX,0,20130802,10:47:31,33.094500000,200 000
RUBUTSTN=MCX,0,20130802,10:47:32,33.095000000,33 000
RUBUTSTN=MCX,0,20130802,10:47:37,33.093000000,123 000
RUBUTSTN=MCX,0,20130802,10:47:39,33.092500000,25 000
RUBUTSTN=MCX,0,20130802,10:47:39,33.092000000,98 000
RUBUTSTN=MCX,0,20130802,10:47:42,33.091500000,123 000
RUBUTSTN=MCX,0,20130802,10:47:44,33.092500000,123 000
RUBUTSTN=MCX,0,20130802,10:47:44,33.095000000,95 000
RUBUTSTN=MCX,0,20130802,10:47:55,33.095000000,500 000
RUBUTSTN=MCX,0,20130802,10:47:57,33.092500000,77 000
RUBUTSTN=MCX,0,20130802,10:47:57,33.092000000,46 000
RUBUTSTN=MCX,0,20130802,10:47:59,33.092500000,123 000
RUBUTSTN=MCX,0,20130802,10:48:01,33.092000000,123 000
RUBUTSTN=MCX,0,20130802,10:48:04,33.094500000,300 000
RUBUTSTN=MCX,0,20130802,10:48:11,33.093000000,123 000
RUBUTSTN=MCX,0,20130802,10:48:12,33.093500000,50 000
RUBUTSTN=MCX,0,20130802,10:48:12,33.093000000,73 000
RUBUTSTN=MCX,0,20130802,10:48:15,33.093000000,123 000
RUBUTSTN=MCX,0,20130802,10:48:17,33.093000000,123 000
RUBUTSTN=MCX,0,20130802,10:48:19,33.092500000,123 000
RUBUTSTN=MCX,0,20130802,10:48:19,33.094500000,7 000
RUBUTSTN=MCX,0,20130802,10:48:21,33.092500000,123 000
RUBUTSTN=MCX,0,20130802,10:48:22,33.095000000,270 000
RUBUTSTN=MCX,0,20130802,10:48:22,33.095000000,33 000
RUBUTSTN=MCX,0,20130802,10:48:23,33.095000000,798 000
RUBUTSTN=MCX,0,20130802,10:48:24,33.093500000,123 000
RUBUTSTN=MCX,0,20130802,10:48:26,33.093500000,123 000
RUBUTSTN=MCX,0,20130802,10:48:28,33.093000000,25 000
RUBUTSTN=MCX,0,20130802,10:48:28,33.092500000,98 000
RUBUTSTN=MCX,0,20130802,10:48:30,33.092500000,123 000
RUBUTSTN=MCX,0,20130802,10:48:42,33.095000000,3 000
RUBUTSTN=MCX,0,20130802,10:48:42,33.096500000,147 000
RUBUTSTN=MCX,0,20130802,10:48:42,33.096500000,171 000
RUBUTSTN=MCX,0,20130802,10:48:43,33.096500000,132 000
RUBUTSTN=MCX,0,20130802,10:48:44,33.097000000,100 000
RUBUTSTN=MCX,0,20130802,10:48:44,33.097500000,100 000
RUBUTSTN=MCX,0,20130802,10:48:44,33.097500000,29 000
RUBUTSTN=MCX,0,20130802,10:48:44,33.097500000,170 000
RUBUTSTN=MCX,0,20130802,10:48:54,33.098500000,231 000
RUBUTSTN=MCX,0,20130802,10:48:54,33.098500000,15 000
RUBUTSTN=MCX,0,20130802,10:49:02,33.099500000,1 000
RUBUTSTN=MCX,0,20130802,10:49:08,33.097500000,6 000
RUBUTSTN=MCX,0,20130802,10:49:11,33.099500000,199 000
RUBUTSTN=MCX,0,20130802,10:49:11,33.100000000,500 000
RUBUTSTN=MCX,0,20130802,10:49:11,33.100000000,1 000 000
RUBUTSTN=MCX,0,20130802,10:49:11,33.100500000,5 000
RUBUTSTN=MCX,0,20130802,10:49:11,33.100500000,1 000
RUBUTSTN=MCX,0,20130802,10:49:11,33.100000000,399 000
RUBUTSTN=MCX,0,20130802,10:49:16,33.101000000,400 000
RUBUTSTN=MCX,0,20130802,10:49:16,33.100000000,600 000
RUBUTSTN=MCX,0,20130802,10:49:24,33.101000000,500 000
RUBUTSTN=MCX,0,20130802,10:49:24,33.101000000,500 000
RUBUTSTN=MCX,0,20130802,10:49:24,33.100500000,200 000
RUBUTSTN=MCX,0,20130802,10:49:24,33.100000000,200 000
RUBUTSTN=MCX,0,20130802,10:49:24,33.100000000,1 600 000
RUBUTSTN=MCX,0,20130802,10:49:24,33.100000000,1 207 000
RUBUTSTN=MCX,0,20130802,10:49:24,33.100000000,1 251 000
RUBUTSTN=MCX,0,20130802,10:49:24,33.100000000,1 000 000
RUBUTSTN=MCX,0,20130802,10:49:24,33.100000000,44 000
RUBUTSTN=MCX,0,20130802,10:50:01,33.098000000,2 000
RUBUTSTN=MCX,0,20130802,10:50:10,33.101000000,140 000
RUBUTSTN=MCX,0,20130802,10:50:10,33.101500000,500 000
RUBUTSTN=MCX,0,20130802,10:50:10,33.101500000,378 000
RUBUTSTN=MCX,0,20130802,10:50:15,33.101500000,6 000
RUBUTSTN=MCX,0,20130802,10:50:39,33.101500000,15 000
RUBUTSTN=MCX,0,20130802,10:50:39,33.102000000,85 000
RUBUTSTN=MCX,0,20130802,10:50:53,33.099000000,2 000
RUBUTSTN=MCX,0,20130802,10:50:53,33.098500000,121 000
RUBUTSTN=MCX,0,20130802,10:50:55,33.098500000,19 000
RUBUTSTN=MCX,0,20130802,10:50:55,33.098000000,104 000
RUBUTSTN=MCX,0,20130802,10:50:58,33.100000000,3 000
RUBUTSTN=MCX,0,20130802,10:50:58,33.098000000,120 000
RUBUTSTN=MCX,0,20130802,10:51:00,33.098000000,123 000
RUBUTSTN=MCX,0,20130802,10:51:02,33.098000000,123 000
RUBUTSTN=MCX,0,20130802,10:51:03,33.098000000,28 000
RUBUTSTN=MCX,0,20130802,10:51:03,33.097500000,95 000
RUBUTSTN=MCX,0,20130802,10:51:05,33.097500000,123 000
RUBUTSTN=MCX,0,20130802,10:51:07,33.097000000,1 000
RUBUTSTN=MCX,0,20130802,10:51:07,33.097000000,10 000
RUBUTSTN=MCX,0,20130802,10:51:07,33.097000000,112 000
RUBUTSTN=MCX,0,20130802,10:51:09,33.096500000,123 000
RUBUTSTN=MCX,0,20130802,10:51:11,33.096500000,123 000
RUBUTSTN=MCX,0,20130802,10:51:13,33.096500000,123 000
RUBUTSTN=MCX,0,20130802,10:51:14,33.096000000,123 000
RUBUTSTN=MCX,0,20130802,10:51:17,33.095500000,123 000
RUBUTSTN=MCX,0,20130802,10:51:19,33.095500000,123 000
RUBUTSTN=MCX,0,20130802,10:51:22,33.095000000,123 000
RUBUTSTN=MCX,0,20130802,10:51:24,33.095000000,123 000
RUBUTSTN=MCX,0,20130802,10:51:26,33.095000000,123 000
RUBUTSTN=MCX,0,20130802,10:51:30,33.095000000,123 000
RUBUTSTN=MCX,0,20130802,10:51:32,33.095000000,8 000
RUBUTSTN=MCX,0,20130802,10:51:32,33.095000000,115 000
RUBUTSTN=MCX,0,20130802,10:51:49,33.094000000,500 000
RUBUTSTN=MCX,0,20130802,10:51:49,33.094000000,300 000
RUBUTSTN=MCX,0,20130802,10:52:34,33.095000000,5 000
RUBUTSTN=MCX,0,20130802,10:52:56,33.098000000,140 000
RUBUTSTN=MCX,0,20130802,10:52:58,33.098500000,500 000
RUBUTSTN=MCX,0,20130802,10:53:03,33.098500000,500 000
RUBUTSTN=MCX,0,20130802,10:53:03,33.099000000,1 500 000
RUBUTSTN=MCX,0,20130802,10:53:07,33.097500000,123 000
RUBUTSTN=MCX,0,20130802,10:53:07,33.099000000,500 000
RUBUTSTN=MCX,0,20130802,10:53:09,33.097500000,123 000
RUBUTSTN=MCX,0,20130802,10:53:11,33.096500000,123 000
RUBUTSTN=MCX,0,20130802,10:53:13,33.096500000,123 000
RUBUTSTN=MCX,0,20130802,10:53:14,33.096500000,123 000
RUBUTSTN=MCX,0,20130802,10:53:16,33.096500000,123 000
RUBUTSTN=MCX,0,20130802,10:53:18,33.095500000,123 000
RUBUTSTN=MCX,0,20130802,10:53:20,33.095500000,50 000
RUBUTSTN=MCX,0,20130802,10:53:20,33.095500000,73 000
RUBUTSTN=MCX,0,20130802,10:53:20,33.099000000,140 000
RUBUTSTN=MCX,0,20130802,10:53:20,33.099500000,638 000
RUBUTSTN=MCX,0,20130802,10:53:20,33.100000000,500 000
RUBUTSTN=MCX,0,20130802,10:53:20,33.100000000,200 000
RUBUTSTN=MCX,0,20130802,10:53:24,33.098500000,123 000
RUBUTSTN=MCX,0,20130802,10:53:26,33.098500000,123 000
RUBUTSTN=MCX,0,20130802,10:53:28,33.098000000,123 000
RUBUTSTN=MCX,0,20130802,10:53:30,33.097000000,123 000
RUBUTSTN=MCX,0,20130802,10:53:32,33.097500000,123 000
RUBUTSTN=MCX,0,20130802,10:53:33,33.099500000,615 000
RUBUTSTN=MCX,0,20130802,10:53:33,33.100000000,500 000
RUBUTSTN=MCX,0,20130802,10:53:34,33.098500000,123 000
RUBUTSTN=MCX,0,20130802,10:54:45,33.099500000,10 000
RUBUTSTN=MCX,0,20130802,10:55:20,33.100500000,10 000
RUBUTSTN=MCX,0,20130802,10:55:25,33.101000000,123 000
RUBUTSTN=MCX,0,20130802,10:55:27,33.101000000,123 000
RUBUTSTN=MCX,0,20130802,10:55:29,33.101500000,123 000
RUBUTSTN=MCX,0,20130802,10:55:31,33.101500000,17 000
RUBUTSTN=MCX,0,20130802,10:55:31,33.101500000,106 000
RUBUTSTN=MCX,0,20130802,10:55:33,33.101000000,123 000
RUBUTSTN=MCX,0,20130802,10:55:34,33.101000000,123 000
RUBUTSTN=MCX,0,20130802,10:55:36,33.101000000,123 000
RUBUTSTN=MCX,0,20130802,10:55:38,33.101000000,123 000
RUBUTSTN=MCX,0,20130802,10:55:40,33.101000000,123 000
RUBUTSTN=MCX,0,20130802,10:55:42,33.101000000,123 000
RUBUTSTN=MCX,0,20130802,10:55:44,33.101000000,16 000
RUBUTSTN=MCX,0,20130802,10:55:44,33.100000000,100 000
RUBUTSTN=MCX,0,20130802,10:55:44,33.100000000,7 000
RUBUTSTN=MCX,0,20130802,10:55:47,33.099000000,123 000
RUBUTSTN=MCX,0,20130802,10:55:49,33.099000000,123 000
RUBUTSTN=MCX,0,20130802,10:56:16,33.100500000,123 000
RUBUTSTN=MCX,0,20130802,10:56:18,33.100500000,123 000
RUBUTSTN=MCX,0,20130802,10:56:20,33.100000000,100 000
RUBUTSTN=MCX,0,20130802,10:56:20,33.098500000,23 000
RUBUTSTN=MCX,0,20130802,10:56:22,33.099000000,123 000
RUBUTSTN=MCX,0,20130802,10:56:23,33.099000000,77 000
RUBUTSTN=MCX,0,20130802,10:56:23,33.098500000,46 000
RUBUTSTN=MCX,0,20130802,10:56:26,33.098500000,123 000
RUBUTSTN=MCX,0,20130802,10:56:27,33.099000000,13 000
RUBUTSTN=MCX,0,20130802,10:56:29,33.099000000,123 000
RUBUTSTN=MCX,0,20130802,10:56:46,33.100500000,123 000
RUBUTSTN=MCX,0,20130802,10:56:48,33.100500000,123 000
RUBUTSTN=MCX,0,20130802,10:56:50,33.100500000,123 000
RUBUTSTN=MCX,0,20130802,10:56:52,33.100500000,123 000
RUBUTSTN=MCX,0,20130802,10:57:21,33.100500000,123 000
RUBUTSTN=MCX,0,20130802,10:57:23,33.100500000,77 000
RUBUTSTN=MCX,0,20130802,10:57:23,33.100500000,46 000
RUBUTSTN=MCX,0,20130802,10:57:25,33.101000000,123 000
RUBUTSTN=MCX,0,20130802,10:57:27,33.100000000,123 000
RUBUTSTN=MCX,0,20130802,10:57:29,33.100000000,123 000
RUBUTSTN=MCX,0,20130802,10:57:30,33.100000000,123 000
RUBUTSTN=MCX,0,20130802,10:57:32,33.100000000,123 000
RUBUTSTN=MCX,0,20130802,10:57:35,33.100000000,123 000
RUBUTSTN=MCX,0,20130802,10:57:37,33.100000000,123 000
RUBUTSTN=MCX,0,20130802,10:57:39,33.100000000,123 000
RUBUTSTN=MCX,0,20130802,10:57:41,33.100000000,123 000
RUBUTSTN=MCX,0,20130802,10:57:53,33.099500000,123 000
RUBUTSTN=MCX,0,20130802,10:57:55,33.099500000,123 000
RUBUTSTN=MCX,0,20130802,10:57:57,33.099500000,123 000
RUBUTSTN=MCX,0,20130802,10:57:59,33.099000000,123 000
RUBUTSTN=MCX,0,20130802,10:58:01,33.103500000,200 000
RUBUTSTN=MCX,0,20130802,10:58:01,33.104000000,100 000
RUBUTSTN=MCX,0,20130802,10:58:01,33.100000000,123 000
RUBUTSTN=MCX,0,20130802,10:58:03,33.100000000,123 000
RUBUTSTN=MCX,0,20130802,10:58:05,33.099500000,123 000
RUBUTSTN=MCX,0,20130802,10:58:07,33.099500000,123 000
RUBUTSTN=MCX,0,20130802,10:58:09,33.103500000,186 000
RUBUTSTN=MCX,0,20130802,10:58:20,33.100500000,123 000
RUBUTSTN=MCX,0,20130802,10:58:22,33.100500000,123 000
RUBUTSTN=MCX,0,20130802,10:58:24,33.100500000,123 000
RUBUTSTN=MCX,0,20130802,10:58:28,33.100000000,123 000
RUBUTSTN=MCX,0,20130802,10:58:46,33.103500000,140 000
RUBUTSTN=MCX,0,20130802,10:58:56,33.104500000,30 000
RUBUTSTN=MCX,0,20130802,10:58:58,33.105000000,131 000
RUBUTSTN=MCX,0,20130802,10:59:06,33.104000000,91 000
RUBUTSTN=MCX,0,20130802,10:59:12,33.103500000,185 000
RUBUTSTN=MCX,0,20130802,10:59:12,33.103500000,200 000
RUBUTSTN=MCX,0,20130802,10:59:14,33.103500000,115 000
RUBUTSTN=MCX,0,20130802,10:59:14,33.105000000,200 000
RUBUTSTN=MCX,0,20130802,10:59:14,33.105000000,1 321 000
RUBUTSTN=MCX,0,20130802,10:59:14,33.105000000,50 000
RUBUTSTN=MCX,0,20130802,10:59:14,33.105000000,186 000
RUBUTSTN=MCX,0,20130802,10:59:14,33.105000000,143 000
RUBUTSTN=MCX,0,20130802,10:59:23,33.101000000,140 000
RUBUTSTN=MCX,0,20130802,10:59:23,33.101000000,360 000
RUBUTSTN=MCX,0,20130802,10:59:30,33.099000000,550 000
RUBUTSTN=MCX,0,20130802,10:59:30,33.098500000,111 000
RUBUTSTN=MCX,0,20130802,10:59:50,33.097500000,500 000
RUBUTSTN=MCX,0,20130802,10:59:50,33.097500000,1 000 000
RUBUTSTN=MCX,0,20130802,10:59:51,33.101000000,50 000
RUBUTSTN=MCX,0,20130802,10:59:54,33.100000000,140 000
RUBUTSTN=MCX,0,20130802,10:59:54,33.100000000,360 000
RUBUTSTN=MCX,0,20130802,11:00:02,33.099000000,298 000
RUBUTSTN=MCX,0,20130802,11:00:02,33.099000000,2 000
RUBUTSTN=MCX,0,20130802,11:00:02,33.097500000,262 000
RUBUTSTN=MCX,0,20130802,11:00:18,33.100000000,223 000
RUBUTSTN=MCX,0,20130802,11:00:18,33.100000000,777 000
RUBUTSTN=MCX,0,20130802,11:00:18,33.101000000,450 000
RUBUTSTN=MCX,0,20130802,11:00:18,33.102500000,200 000
RUBUTSTN=MCX,0,20130802,11:00:20,33.101000000,100 000
RUBUTSTN=MCX,0,20130802,11:00:35,33.102500000,510 000
RUBUTSTN=MCX,0,20130802,11:00:41,33.100500000,140 000
RUBUTSTN=MCX,0,20130802,11:00:41,33.100500000,200 000
RUBUTSTN=MCX,0,20130802,11:00:41,33.100000000,190 000
RUBUTSTN=MCX,0,20130802,11:00:41,33.100000000,1 000 000
RUBUTSTN=MCX,0,20130802,11:00:41,33.100000000,1 270 000
RUBUTSTN=MCX,0,20130802,11:00:41,33.100000000,500 000
RUBUTSTN=MCX,0,20130802,11:00:41,33.100000000,1 110 000
RUBUTSTN=MCX,0,20130802,11:00:41,33.100000000,500 000
RUBUTSTN=MCX,0,20130802,11:00:41,33.100000000,390 000
RUBUTSTN=MCX,0,20130802,11:00:41,33.100000000,7 000
RUBUTSTN=MCX,0,20130802,11:00:41,33.100000000,1 000 000
RUBUTSTN=MCX,0,20130802,11:00:41,33.100000000,2 510 000
RUBUTSTN=MCX,0,20130802,11:00:41,33.100000000,200 000
RUBUTSTN=MCX,0,20130802,11:00:41,33.100000000,223 000
RUBUTSTN=MCX,0,20130802,11:00:41,33.098500000,175 000
RUBUTSTN=MCX,0,20130802,11:00:41,33.098500000,200 000
RUBUTSTN=MCX,0,20130802,11:00:41,33.098500000,125 000
RUBUTSTN=MCX,0,20130802,11:00:45,33.100000000,79 000
RUBUTSTN=MCX,0,20130802,11:00:45,33.100000000,3 494 000
RUBUTSTN=MCX,0,20130802,11:00:45,33.100000000,449 000
RUBUTSTN=MCX,0,20130802,11:00:45,33.100000000,265 000
RUBUTSTN=MCX,0,20130802,11:00:45,33.100000000,1 922 000
RUBUTSTN=MCX,0,20130802,11:00:45,33.100000000,78 000
RUBUTSTN=MCX,0,20130802,11:01:07,33.098500000,100 000
RUBUTSTN=MCX,0,20130802,11:01:10,33.098500000,200 000
RUBUTSTN=MCX,0,20130802,11:01:15,33.099000000,100 000
RUBUTSTN=MCX,0,20130802,11:01:20,33.097500000,64 000
RUBUTSTN=MCX,0,20130802,11:01:20,33.097500000,25 000
RUBUTSTN=MCX,0,20130802,11:01:44,33.097000000,1 000
RUBUTSTN=MCX,0,20130802,11:01:55,33.096000000,3 000
RUBUTSTN=MCX,0,20130802,11:01:55,33.096000000,1 000
RUBUTSTN=MCX,0,20130802,11:01:55,33.096000000,1 000
RUBUTSTN=MCX,0,20130802,11:01:55,33.095500000,367 000
RUBUTSTN=MCX,0,20130802,11:01:56,33.095000000,500 000
RUBUTSTN=MCX,0,20130802,11:01:56,33.095000000,45 000
RUBUTSTN=MCX,0,20130802,11:02:26,33.094500000,500 000
RUBUTSTN=MCX,0,20130802,11:02:26,33.095000000,500 000
RUBUTSTN=MCX,0,20130802,11:02:29,33.096500000,1 000 000
RUBUTSTN=MCX,0,20130802,11:02:29,33.095000000,1 000 000
RUBUTSTN=MCX,0,20130802,11:02:30,33.095000000,1 000 000
RUBUTSTN=MCX,0,20130802,11:02:31,33.095000000,500 000
RUBUTSTN=MCX,0,20130802,11:02:31,33.095000000,163 000
RUBUTSTN=MCX,0,20130802,11:02:33,33.095000000,1 097 000
RUBUTSTN=MCX,0,20130802,11:02:34,33.095000000,1 000 000
RUBUTSTN=MCX,0,20130802,11:02:34,33.095000000,143 000
RUBUTSTN=MCX,0,20130802,11:02:34,33.095000000,194 000
RUBUTSTN=MCX,0,20130802,11:02:34,33.095000000,200 000
RUBUTSTN=MCX,0,20130802,11:02:34,33.096500000,1 000 000
RUBUTSTN=MCX,0,20130802,11:02:37,33.096500000,1 000 000
RUBUTSTN=MCX,0,20130802,11:02:38,33.095000000,1 000 000
RUBUTSTN=MCX,0,20130802,11:02:40,33.096500000,538 000
RUBUTSTN=MCX,0,20130802,11:02:40,33.094500000,200 000
RUBUTSTN=MCX,0,20130802,11:02:40,33.094500000,50 000
RUBUTSTN=MCX,0,20130802,11:02:40,33.094500000,750 000
RUBUTSTN=MCX,0,20130802,11:02:54,33.096500000,932 000
RUBUTSTN=MCX,0,20130802,11:02:54,33.096500000,500 000
RUBUTSTN=MCX,0,20130802,11:02:57,33.096500000,30 000
RUBUTSTN=MCX,0,20130802,11:02:59,33.097500000,970 000
RUBUTSTN=MCX,0,20130802,11:03:03,33.096500000,2 000
RUBUTSTN=MCX,0,20130802,11:03:03,33.096500000,1 250 000
RUBUTSTN=MCX,0,20130802,11:03:07,33.095500000,200 000
RUBUTSTN=MCX,0,20130802,11:03:07,33.095500000,2 000
RUBUTSTN=MCX,0,20130802,11:03:07,33.095500000,448 000
RUBUTSTN=MCX,0,20130802,11:03:09,33.097500000,66 000
RUBUTSTN=MCX,0,20130802,11:03:36,33.097000000,3 000 000
RUBUTSTN=MCX,0,20130802,11:03:36,33.097000000,140 000
RUBUTSTN=MCX,0,20130802,11:03:38,33.097000000,1 728 000
RUBUTSTN=MCX,0,20130802,11:03:38,33.097000000,1 329 000
RUBUTSTN=MCX,0,20130802,11:03:39,33.097500000,1 303 000
RUBUTSTN=MCX,0,20130802,11:03:43,33.097500000,627 000
RUBUTSTN=MCX,0,20130802,11:03:46,33.097500000,1 000 000
RUBUTSTN=MCX,0,20130802,11:03:46,33.097500000,1 329 000
RUBUTSTN=MCX,0,20130802,11:03:46,33.097500000,1 360 000
RUBUTSTN=MCX,0,20130802,11:03:46,33.097500000,306 000
RUBUTSTN=MCX,0,20130802,11:03:46,33.097500000,319 000
RUBUTSTN=MCX,0,20130802,11:03:46,33.097500000,310 000
RUBUTSTN=MCX,0,20130802,11:03:46,33.097500000,273 000
RUBUTSTN=MCX,0,20130802,11:03:46,33.097500000,1 000 000
RUBUTSTN=MCX,0,20130802,11:03:46,33.097500000,431 000
RUBUTSTN=MCX,0,20130802,11:03:46,33.097500000,706 000
RUBUTSTN=MCX,0,20130802,11:03:50,33.099500000,200 000
RUBUTSTN=MCX,0,20130802,11:03:50,33.100000000,1 800 000
RUBUTSTN=MCX,0,20130802,11:03:50,33.100000000,2 000 000
RUBUTSTN=MCX,0,20130802,11:03:50,33.100000000,1 122 000
RUBUTSTN=MCX,0,20130802,11:03:50,33.100000000,878 000
RUBUTSTN=MCX,0,20130802,11:03:51,33.099500000,500 000
RUBUTSTN=MCX,0,20130802,11:03:51,33.100000000,1 500 000
RUBUTSTN=MCX,0,20130802,11:03:51,33.100000000,2 000 000
RUBUTSTN=MCX,0,20130802,11:03:51,33.100000000,1 500 000
RUBUTSTN=MCX,0,20130802,11:04:02,33.101500000,3 000
RUBUTSTN=MCX,0,20130802,11:04:02,33.101500000,3 000
RUBUTSTN=MCX,0,20130802,11:04:03,33.101500000,1 000
RUBUTSTN=MCX,0,20130802,11:04:05,33.101500000,1 000
RUBUTSTN=MCX,0,20130802,11:04:13,33.101500000,2 000
RUBUTSTN=MCX,0,20130802,11:04:13,33.102500000,1 000 000
RUBUTSTN=MCX,0,20130802,11:04:13,33.102500000,1 000 000
RUBUTSTN=MCX,0,20130802,11:04:13,33.102500000,400 000
RUBUTSTN=MCX,0,20130802,11:04:13,33.102500000,200 000
RUBUTSTN=MCX,0,20130802,11:04:13,33.102500000,400 000
RUBUTSTN=MCX,0,20130802,11:04:16,33.104000000,3 000
RUBUTSTN=MCX,0,20130802,11:04:17,33.103500000,400 000
RUBUTSTN=MCX,0,20130802,11:04:17,33.102500000,400 000
RUBUTSTN=MCX,0,20130802,11:04:17,33.102500000,143 000
RUBUTSTN=MCX,0,20130802,11:04:17,33.102500000,457 000
RUBUTSTN=MCX,0,20130802,11:04:17,33.100000000,200 000
RUBUTSTN=MCX,0,20130802,11:04:17,33.099500000,50 000
RUBUTSTN=MCX,0,20130802,11:04:17,33.098000000,140 000
RUBUTSTN=MCX,0,20130802,11:04:17,33.098000000,410 000
RUBUTSTN=MCX,0,20130802,11:04:17,33.098000000,140 000
RUBUTSTN=MCX,0,20130802,11:04:17,33.096500000,3 000
RUBUTSTN=MCX,0,20130802,11:04:17,33.096500000,497 000
RUBUTSTN=MCX,0,20130802,11:04:17,33.096500000,103 000
RUBUTSTN=MCX,0,20130802,11:04:17,33.099000000,200 000
RUBUTSTN=MCX,0,20130802,11:04:17,33.099000000,200 000
RUBUTSTN=MCX,0,20130802,11:04:17,33.098000000,200 000
RUBUTSTN=MCX,0,20130802,11:04:17,33.098000000,200 000
RUBUTSTN=MCX,0,20130802,11:04:17,33.098500000,500 000
RUBUTSTN=MCX,0,20130802,11:04:17,33.098500000,100 000
RUBUTSTN=MCX,0,20130802,11:04:17,33.099500000,200 000
RUBUTSTN=MCX,0,20130802,11:04:17,33.100000000,425 000
RUBUTSTN=MCX,0,20130802,11:04:17,33.100500000,140 000
RUBUTSTN=MCX,0,20130802,11:04:17,33.101000000,235 000
RUBUTSTN=MCX,0,20130802,11:04:17,33.099000000,200 000
RUBUTSTN=MCX,0,20130802,11:04:17,33.099000000,298 000
RUBUTSTN=MCX,0,20130802,11:04:17,33.098500000,98 000
RUBUTSTN=MCX,0,20130802,11:04:17,33.098500000,102 000
RUBUTSTN=MCX,0,20130802,11:04:17,33.098500000,200 000
RUBUTSTN=MCX,0,20130802,11:04:17,33.099000000,698 000
RUBUTSTN=MCX,0,20130802,11:04:17,33.100500000,500 000
RUBUTSTN=MCX,0,20130802,11:04:17,33.100500000,500 000
RUBUTSTN=MCX,0,20130802,11:04:18,33.097500000,500 000
RUBUTSTN=MCX,0,20130802,11:04:18,33.099000000,200 000
RUBUTSTN=MCX,0,20130802,11:04:18,33.099500000,10 000
RUBUTSTN=MCX,0,20130802,11:04:18,33.099500000,292 000
RUBUTSTN=MCX,0,20130802,11:04:18,33.096000000,500 000
RUBUTSTN=MCX,0,20130802,11:04:18,33.095500000,140 000
RUBUTSTN=MCX,0,20130802,11:04:18,33.095000000,100 000
RUBUTSTN=MCX,0,20130802,11:04:18,33.095000000,760 000
RUBUTSTN=MCX,0,20130802,11:04:26,33.095500000,140 000
RUBUTSTN=MCX,0,20130802,11:04:26,33.096000000,500 000
RUBUTSTN=MCX,0,20130802,11:04:26,33.096000000,360 000
RUBUTSTN=MCX,0,20130802,11:04:30,33.098500000,400 000
RUBUTSTN=MCX,0,20130802,11:04:35,33.097500000,100 000
RUBUTSTN=MCX,0,20130802,11:04:40,33.097000000,30 000
RUBUTSTN=MCX,0,20130802,11:04:42,33.098500000,50 000
RUBUTSTN=MCX,0,20130802,11:04:42,33.097500000,200 000
RUBUTSTN=MCX,0,20130802,11:04:42,33.098000000,300 000
RUBUTSTN=MCX,0,20130802,11:04:42,33.098000000,500 000
RUBUTSTN=MCX,0,20130802,11:04:43,33.098000000,500 000
RUBUTSTN=MCX,0,20130802,11:04:43,33.097500000,500 000
RUBUTSTN=MCX,0,20130802,11:04:43,33.097500000,500 000
RUBUTSTN=MCX,0,20130802,11:04:44,33.097000000,500 000
RUBUTSTN=MCX,0,20130802,11:04:44,33.097000000,1 000
RUBUTSTN=MCX,0,20130802,11:04:44,33.097000000,250 000
RUBUTSTN=MCX,0,20130802,11:04:44,33.097000000,29 000
RUBUTSTN=MCX,0,20130802,11:05:00,33.097500000,200 000
RUBUTSTN=MCX,0,20130802,11:05:00,33.097500000,196 000
RUBUTSTN=MCX,0,20130802,11:05:00,33.098000000,322 000
RUBUTSTN=MCX,0,20130802,11:05:00,33.098000000,679 000
RUBUTSTN=MCX,0,20130802,11:05:00,33.099000000,200 000
RUBUTSTN=MCX,0,20130802,11:05:00,33.098000000,1 000 000
RUBUTSTN=MCX,0,20130802,11:05:01,33.096000000,200 000
RUBUTSTN=MCX,0,20130802,11:05:01,33.098000000,196 000
RUBUTSTN=MCX,0,20130802,11:05:01,33.095000000,200 000
RUBUTSTN=MCX,0,20130802,11:05:01,33.098000000,200 000
RUBUTSTN=MCX,0,20130802,11:05:01,33.098000000,225 000
RUBUTSTN=MCX,0,20130802,11:05:01,33.098000000,225 000
RUBUTSTN=MCX,0,20130802,11:05:01,33.098000000,29 000
RUBUTSTN=MCX,0,20130802,11:05:01,33.098000000,650 000
RUBUTSTN=MCX,0,20130802,11:05:01,33.098000000,500 000
RUBUTSTN=MCX,0,20130802,11:05:03,33.098000000,506 000
RUBUTSTN=MCX,0,20130802,11:05:03,33.098000000,200 000
RUBUTSTN=MCX,0,20130802,11:05:03,33.098000000,2 000
RUBUTSTN=MCX,0,20130802,11:05:06,33.099000000,26 000
RUBUTSTN=MCX,0,20130802,11:05:06,33.099000000,279 000
RUBUTSTN=MCX,0,20130802,11:05:06,33.099000000,200 000
RUBUTSTN=MCX,0,20130802,11:05:06,33.099000000,500 000
RUBUTSTN=MCX,0,20130802,11:05:06,33.099000000,27 000
RUBUTSTN=MCX,0,20130802,11:05:06,33.099000000,175 000
RUBUTSTN=MCX,0,20130802,11:05:06,33.098000000,134 000
RUBUTSTN=MCX,0,20130802,11:05:06,33.098000000,41 000
RUBUTSTN=MCX,0,20130802,11:05:06,33.098500000,1 000 000
RUBUTSTN=MCX,0,20130802,11:05:06,33.098500000,300 000
RUBUTSTN=MCX,0,20130802,11:05:06,33.099000000,279 000
RUBUTSTN=MCX,0,20130802,11:05:07,33.099000000,27 000
RUBUTSTN=MCX,0,20130802,11:05:07,33.099000000,279 000
RUBUTSTN=MCX,0,20130802,11:05:07,33.098000000,200 000
RUBUTSTN=MCX,0,20130802,11:05:07,33.097500000,499 000
RUBUTSTN=MCX,0,20130802,11:05:07,33.098000000,27 000
RUBUTSTN=MCX,0,20130802,11:05:07,33.098000000,52 000
RUBUTSTN=MCX,0,20130802,11:05:07,33.098000000,200 000
RUBUTSTN=MCX,0,20130802,11:05:07,33.098000000,148 000
RUBUTSTN=MCX,0,20130802,11:05:07,33.097000000,52 000
RUBUTSTN=MCX,0,20130802,11:05:07,33.099000000,874 000
RUBUTSTN=MCX,0,20130802,11:05:07,33.099000000,27 000
RUBUTSTN=MCX,0,20130802,11:05:07,33.099000000,52 000
RUBUTSTN=MCX,0,20130802,11:05:07,33.099000000,849 000
RUBUTSTN=MCX,0,20130802,11:05:07,33.098000000,500 000
RUBUTSTN=MCX,0,20130802,11:05:07,33.099000000,401 000
RUBUTSTN=MCX,0,20130802,11:05:07,33.099000000,1 000 000
RUBUTSTN=MCX,0,20130802,11:05:08,33.098000000,179 000
RUBUTSTN=MCX,0,20130802,11:05:08,33.098000000,321 000
RUBUTSTN=MCX,0,20130802,11:05:08,33.099000000,192 000
RUBUTSTN=MCX,0,20130802,11:05:08,33.099000000,487 000
RUBUTSTN=MCX,0,20130802,11:05:08,33.097500000,300 000
RUBUTSTN=MCX,0,20130802,11:05:11,33.098500000,200 000
RUBUTSTN=MCX,0,20130802,11:05:11,33.099000000,100 000
RUBUTSTN=MCX,0,20130802,11:05:11,33.099000000,129 000
RUBUTSTN=MCX,0,20130802,11:05:11,33.099000000,400 000
RUBUTSTN=MCX,0,20130802,11:05:11,33.099000000,200 000
RUBUTSTN=MCX,0,20130802,11:05:11,33.099000000,150 000
RUBUTSTN=MCX,0,20130802,11:05:11,33.099000000,250 000
RUBUTSTN=MCX,0,20130802,11:05:14,33.100000000,150 000
RUBUTSTN=MCX,0,20130802,11:05:17,33.101000000,144 000
RUBUTSTN=MCX,0,20130802,11:05:17,33.101000000,321 000
RUBUTSTN=MCX,0,20130802,11:05:17,33.101000000,200 000
RUBUTSTN=MCX,0,20130802,11:05:17,33.101500000,143 000
RUBUTSTN=MCX,0,20130802,11:05:17,33.101500000,200 000
RUBUTSTN=MCX,0,20130802,11:05:17,33.101500000,143 000
RUBUTSTN=MCX,0,20130802,11:05:17,33.101500000,535 000
RUBUTSTN=MCX,0,20130802,11:05:17,33.101500000,300 000
RUBUTSTN=MCX,0,20130802,11:05:17,33.101500000,2 000
RUBUTSTN=MCX,0,20130802,11:05:17,33.102000000,3 000
RUBUTSTN=MCX,0,20130802,11:05:17,33.103500000,200 000
RUBUTSTN=MCX,0,20130802,11:05:17,33.103500000,100 000
RUBUTSTN=MCX,0,20130802,11:05:17,33.103500000,43 000
RUBUTSTN=MCX,0,20130802,11:05:17,33.103500000,200 000
RUBUTSTN=MCX,0,20130802,11:05:17,33.103500000,421 000
RUBUTSTN=MCX,0,20130802,11:05:17,33.100500000,200 000
RUBUTSTN=MCX,0,20130802,11:05:17,33.100000000,500 000
RUBUTSTN=MCX,0,20130802,11:05:17,33.100000000,430 000
RUBUTSTN=MCX,0,20130802,11:05:17,33.100000000,803 000
RUBUTSTN=MCX,0,20130802,11:05:17,33.100000000,310 000
RUBUTSTN=MCX,0,20130802,11:05:17,33.100000000,664 000
RUBUTSTN=MCX,0,20130802,11:05:18,33.100000000,867 000
RUBUTSTN=MCX,0,20130802,11:05:18,33.100000000,145 000
RUBUTSTN=MCX,0,20130802,11:05:18,33.100000000,1 000
RUBUTSTN=MCX,0,20130802,11:05:18,33.100000000,657 000
RUBUTSTN=MCX,0,20130802,11:05:18,33.100000000,423 000
RUBUTSTN=MCX,0,20130802,11:05:19,33.100000000,200 000
RUBUTSTN=MCX,0,20130802,11:05:19,33.100000000,200 000
RUBUTSTN=MCX,0,20130802,11:05:20,33.100000000,200 000
RUBUTSTN=MCX,0,20130802,11:05:20,33.100000000,200 000
RUBUTSTN=MCX,0,20130802,11:05:20,33.100000000,200 000
RUBUTSTN=MCX,0,20130802,11:05:21,33.099000000,500 000
RUBUTSTN=MCX,0,20130802,11:05:21,33.099500000,500 000
RUBUTSTN=MCX,0,20130802,11:05:21,33.100000000,3 600 000
RUBUTSTN=MCX,0,20130802,11:05:27,33.100000000,400 000
RUBUTSTN=MCX,0,20130802,11:05:41,33.100500000,500 000
RUBUTSTN=MCX,0,20130802,11:05:41,33.100000000,260 000
RUBUTSTN=MCX,0,20130802,11:05:41,33.100000000,240 000
RUBUTSTN=MCX,0,20130802,11:05:41,33.100000000,143 000
RUBUTSTN=MCX,0,20130802,11:05:41,33.100000000,500 000
RUBUTSTN=MCX,0,20130802,11:05:41,33.100000000,117 000
RUBUTSTN=MCX,0,20130802,11:05:41,33.098500000,200 000
RUBUTSTN=MCX,0,20130802,11:05:41,33.098000000,500 000
RUBUTSTN=MCX,0,20130802,11:05:41,33.096500000,150 000
RUBUTSTN=MCX,0,20130802,11:05:41,33.096500000,400 000
RUBUTSTN=MCX,0,20130802,11:05:41,33.093500000,140 000
RUBUTSTN=MCX,0,20130802,11:05:41,33.093000000,360 000
RUBUTSTN=MCX,0,20130802,11:05:43,33.095000000,500 000
RUBUTSTN=MCX,0,20130802,11:05:43,33.095500000,140 000
RUBUTSTN=MCX,0,20130802,11:05:43,33.096000000,1 000 000
RUBUTSTN=MCX,0,20130802,11:05:43,33.096000000,200 000
RUBUTSTN=MCX,0,20130802,11:05:43,33.096500000,143 000
RUBUTSTN=MCX,0,20130802,11:05:43,33.097000000,500 000
RUBUTSTN=MCX,0,20130802,11:05:43,33.097000000,917 000
RUBUTSTN=MCX,0,20130802,11:05:54,33.094000000,200 000
RUBUTSTN=MCX,0,20130802,11:05:54,33.094000000,300 000
RUBUTSTN=MCX,0,20130802,11:05:56,33.095500000,10 000
RUBUTSTN=MCX,0,20130802,11:06:02,33.093500000,2 000
RUBUTSTN=MCX,0,20130802,11:06:05,33.092500000,388 000
RUBUTSTN=MCX,0,20130802,11:06:11,33.095500000,200 000
RUBUTSTN=MCX,0,20130802,11:06:19,33.095000000,884 000
RUBUTSTN=MCX,0,20130802,11:06:19,33.095000000,200 000
RUBUTSTN=MCX,0,20130802,11:06:19,33.095000000,16 000
RUBUTSTN=MCX,0,20130802,11:06:25,33.095500000,500 000
RUBUTSTN=MCX,0,20130802,11:06:25,33.095500000,300 000
RUBUTSTN=MCX,0,20130802,11:06:25,33.096500000,200 000
RUBUTSTN=MCX,0,20130802,11:06:40,33.095000000,3 000 000
RUBUTSTN=MCX,0,20130802,11:06:44,33.097000000,1 100 000
RUBUTSTN=MCX,0,20130802,11:06:47,33.096500000,388 000
RUBUTSTN=MCX,0,20130802,11:06:50,33.097000000,1 900 000
RUBUTSTN=MCX,0,20130802,11:06:50,33.097000000,95 000
RUBUTSTN=MCX,0,20130802,11:06:50,33.097500000,500 000
RUBUTSTN=MCX,0,20130802,11:06:50,33.097500000,3 905 000
RUBUTSTN=MCX,0,20130802,11:06:50,33.097500000,95 000
RUBUTSTN=MCX,0,20130802,11:06:50,33.098000000,50 000
RUBUTSTN=MCX,0,20130802,11:07:27,33.097000000,50 000
RUBUTSTN=MCX,0,20130802,11:07:31,33.097000000,50 000
RUBUTSTN=MCX,0,20130802,11:07:36,33.097000000,50 000
RUBUTSTN=MCX,0,20130802,11:07:45,33.097000000,25 000
RUBUTSTN=MCX,0,20130802,11:07:48,33.094000000,200 000
RUBUTSTN=MCX,0,20130802,11:07:51,33.095000000,2 000 000
RUBUTSTN=MCX,0,20130802,11:08:03,33.093500000,140 000
RUBUTSTN=MCX,0,20130802,11:08:03,33.093000000,500 000
RUBUTSTN=MCX,0,20130802,11:08:03,33.093000000,400 000
RUBUTSTN=MCX,0,20130802,11:08:06,33.095500000,200 000
RUBUTSTN=MCX,0,20130802,11:08:10,33.095000000,500 000
RUBUTSTN=MCX,0,20130802,11:08:18,33.095000000,500 000
RUBUTSTN=MCX,0,20130802,11:08:46,33.096000000,200 000
RUBUTSTN=MCX,0,20130802,11:08:46,33.096500000,500 000
RUBUTSTN=MCX,0,20130802,11:08:46,33.096500000,140 000
RUBUTSTN=MCX,0,20130802,11:08:46,33.097000000,500 000
RUBUTSTN=MCX,0,20130802,11:08:46,33.097000000,660 000
RUBUTSTN=MCX,0,20130802,11:09:16,33.097000000,4 340 000
RUBUTSTN=MCX,0,20130802,11:09:52,33.098500000,72 000
RUBUTSTN=MCX,0,20130802,11:09:53,33.098500000,103 000
RUBUTSTN=MCX,0,20130802,11:09:53,33.098500000,500 000
RUBUTSTN=MCX,0,20130802,11:09:55,33.100000000,12 000
RUBUTSTN=MCX,0,20130802,11:10:09,33.100500000,1 000
RUBUTSTN=MCX,0,20130802,11:10:15,33.101000000,45 000
RUBUTSTN=MCX,0,20130802,11:10:20,33.100500000,10 000
RUBUTSTN=MCX,0,20130802,11:10:23,33.102000000,40 000
RUBUTSTN=MCX,0,20130802,11:10:23,33.102500000,960 000
RUBUTSTN=MCX,0,20130802,11:10:23,33.102500000,100 000
RUBUTSTN=MCX,0,20130802,11:10:23,33.102500000,500 000
RUBUTSTN=MCX,0,20130802,11:10:23,33.102500000,341 000
RUBUTSTN=MCX,0,20130802,11:10:23,33.102500000,85 000
RUBUTSTN=MCX,0,20130802,11:10:24,33.102500000,441 000
RUBUTSTN=MCX,0,20130802,11:10:24,33.102500000,66 000
RUBUTSTN=MCX,0,20130802,11:10:24,33.102500000,507 000
RUBUTSTN=MCX,0,20130802,11:10:25,33.104500000,490 000
RUBUTSTN=MCX,0,20130802,11:10:26,33.104000000,3 000
RUBUTSTN=MCX,0,20130802,11:10:27,33.104000000,2 000
RUBUTSTN=MCX,0,20130802,11:10:27,33.104000000,200 000
RUBUTSTN=MCX,0,20130802,11:10:27,33.103000000,12 000
RUBUTSTN=MCX,0,20130802,11:10:51,33.105500000,11 000
RUBUTSTN=MCX,0,20130802,11:10:53,33.103500000,10 000
RUBUTSTN=MCX,0,20130802,11:10:54,33.105500000,356 000
RUBUTSTN=MCX,0,20130802,11:10:58,33.105500000,10 000
RUBUTSTN=MCX,0,20130802,11:11:12,33.105500000,181 000
RUBUTSTN=MCX,0,20130802,11:11:12,33.105500000,300 000
RUBUTSTN=MCX,0,20130802,11:11:14,33.105000000,1 000 000
RUBUTSTN=MCX,0,20130802,11:11:17,33.105500000,12 000
RUBUTSTN=MCX,0,20130802,11:11:21,33.105500000,488 000
RUBUTSTN=MCX,0,20130802,11:11:21,33.106000000,1 512 000
RUBUTSTN=MCX,0,20130802,11:11:26,33.106000000,4 738 000
RUBUTSTN=MCX,0,20130802,11:11:31,33.104500000,200 000
RUBUTSTN=MCX,0,20130802,11:11:31,33.105000000,500 000
RUBUTSTN=MCX,0,20130802,11:11:31,33.105500000,500 000
RUBUTSTN=MCX,0,20130802,11:11:31,33.106000000,3 050 000
RUBUTSTN=MCX,0,20130802,11:11:44,33.106000000,71 000
RUBUTSTN=MCX,0,20130802,11:11:47,33.104000000,500 000
RUBUTSTN=MCX,0,20130802,11:12:05,33.106000000,26 000
RUBUTSTN=MCX,0,20130802,11:12:14,33.106000000,500 000
RUBUTSTN=MCX,0,20130802,11:12:14,33.106000000,295 000
RUBUTSTN=MCX,0,20130802,11:12:14,33.106000000,1 000 000
RUBUTSTN=MCX,0,20130802,11:12:21,33.106000000,500 000
RUBUTSTN=MCX,0,20130802,11:12:24,33.106000000,58 000
RUBUTSTN=MCX,0,20130802,11:12:33,33.106000000,396 000
RUBUTSTN=MCX,0,20130802,11:12:34,33.106000000,1 749 000
RUBUTSTN=MCX,0,20130802,11:12:34,33.106000000,201 000
RUBUTSTN=MCX,0,20130802,11:12:36,33.106000000,1 067 000
RUBUTSTN=MCX,0,20130802,11:12:36,33.106000000,33 000
RUBUTSTN=MCX,0,20130802,11:12:36,33.106000000,66 000
RUBUTSTN=MCX,0,20130802,11:12:36,33.106000000,4 000
RUBUTSTN=MCX,0,20130802,11:12:37,33.106000000,1 000 000
RUBUTSTN=MCX,0,20130802,11:12:39,33.106000000,200 000
RUBUTSTN=MCX,0,20130802,11:12:39,33.106000000,500 000
RUBUTSTN=MCX,0,20130802,11:12:39,33.106000000,200 000
RUBUTSTN=MCX,0,20130802,11:12:39,33.106000000,99 000
RUBUTSTN=MCX,0,20130802,11:12:39,33.106000000,200 000
RUBUTSTN=MCX,0,20130802,11:12:39,33.106000000,200 000
RUBUTSTN=MCX,0,20130802,11:12:49,33.106000000,52 000
RUBUTSTN=MCX,0,20130802,11:12:51,33.106000000,30 000
RUBUTSTN=MCX,0,20130802,11:12:51,33.106000000,200 000
RUBUTSTN=MCX,0,20130802,11:12:51,33.106000000,749 000
RUBUTSTN=MCX,0,20130802,11:12:53,33.106000000,192 000
RUBUTSTN=MCX,0,20130802,11:12:53,33.106000000,396 000
RUBUTSTN=MCX,0,20130802,11:12:53,33.106000000,1 000 000
RUBUTSTN=MCX,0,20130802,11:12:53,33.106000000,660 000
RUBUTSTN=MCX,0,20130802,11:12:57,33.106000000,5 000 000
RUBUTSTN=MCX,0,20130802,11:12:58,33.106000000,4 056 000
RUBUTSTN=MCX,0,20130802,11:12:58,33.110500000,500 000
RUBUTSTN=MCX,0,20130802,11:12:58,33.110500000,500 000
RUBUTSTN=MCX,0,20130802,11:12:58,33.111000000,1 000 000
RUBUTSTN=MCX,0,20130802,11:13:30,33.110000000,90 000
RUBUTSTN=MCX,0,20130802,11:13:30,33.110000000,200 000
RUBUTSTN=MCX,0,20130802,11:13:30,33.110500000,25 000
RUBUTSTN=MCX,0,20130802,11:13:30,33.110500000,138 000
RUBUTSTN=MCX,0,20130802,11:13:46,33.107500000,7 000
RUBUTSTN=MCX,0,20130802,11:13:46,33.110000000,98 000
RUBUTSTN=MCX,0,20130802,11:13:51,33.110000000,1 000 000
RUBUTSTN=MCX,0,20130802,11:14:14,33.107500000,1 000 000
RUBUTSTN=MCX,0,20130802,11:14:14,33.106500000,200 000
RUBUTSTN=MCX,0,20130802,11:14:14,33.106000000,45 000
RUBUTSTN=MCX,0,20130802,11:14:14,33.106500000,140 000
RUBUTSTN=MCX,0,20130802,11:14:14,33.106000000,60 000
RUBUTSTN=MCX,0,20130802,11:15:03,33.109500000,140 000
RUBUTSTN=MCX,0,20130802,11:15:03,33.109500000,160 000
RUBUTSTN=MCX,0,20130802,11:15:08,33.107000000,1 000 000
RUBUTSTN=MCX,0,20130802,11:15:08,33.107000000,300 000
RUBUTSTN=MCX,0,20130802,11:15:13,33.104000000,100 000
RUBUTSTN=MCX,0,20130802,11:15:19,33.103500000,119 000
RUBUTSTN=MCX,0,20130802,11:15:20,33.103000000,179 000
RUBUTSTN=MCX,0,20130802,11:15:32,33.101500000,70 000
RUBUTSTN=MCX,0,20130802,11:15:50,33.105000000,2 000
RUBUTSTN=MCX,0,20130802,11:15:50,33.105000000,300 000
RUBUTSTN=MCX,0,20130802,11:15:50,33.105000000,28 000
RUBUTSTN=MCX,0,20130802,11:15:51,33.105000000,100 000
RUBUTSTN=MCX,0,20130802,11:15:57,33.106500000,2 000
RUBUTSTN=MCX,0,20130802,11:16:06,33.106500000,998 000
RUBUTSTN=MCX,0,20130802,11:16:06,33.105500000,560 000
RUBUTSTN=MCX,0,20130802,11:16:06,33.104500000,25 000
RUBUTSTN=MCX,0,20130802,11:16:19,33.105000000,11 000
RUBUTSTN=MCX,0,20130802,11:16:19,33.105000000,3 000
RUBUTSTN=MCX,0,20130802,11:16:23,33.105000000,6 000
RUBUTSTN=MCX,0,20130802,11:16:23,33.105000000,24 000
RUBUTSTN=MCX,0,20130802,11:16:23,33.105000000,7 000
RUBUTSTN=MCX,0,20130802,11:16:29,33.105000000,4 000
RUBUTSTN=MCX,0,20130802,11:16:29,33.105000000,15 000
RUBUTSTN=MCX,0,20130802,11:16:30,33.105000000,12 000
RUBUTSTN=MCX,0,20130802,11:16:34,33.102000000,14 000
RUBUTSTN=MCX,0,20130802,11:16:34,33.102000000,14 000
RUBUTSTN=MCX,0,20130802,11:16:34,33.105000000,2 000
RUBUTSTN=MCX,0,20130802,11:16:34,33.105000000,4 000
RUBUTSTN=MCX,0,20130802,11:16:34,33.105000000,7 000
RUBUTSTN=MCX,0,20130802,11:16:52,33.105500000,150 000
RUBUTSTN=MCX,0,20130802,11:16:55,33.102000000,74 000
RUBUTSTN=MCX,0,20130802,11:17:04,33.102500000,835 000
RUBUTSTN=MCX,0,20130802,11:17:04,33.104000000,200 000
RUBUTSTN=MCX,0,20130802,11:17:04,33.104500000,4 000
RUBUTSTN=MCX,0,20130802,11:17:04,33.105000000,296 000
RUBUTSTN=MCX,0,20130802,11:17:05,33.102500000,165 000
RUBUTSTN=MCX,0,20130802,11:17:09,33.102500000,200 000
RUBUTSTN=MCX,0,20130802,11:17:13,33.102500000,5 000
RUBUTSTN=MCX,0,20130802,11:17:32,33.100500000,7 000
RUBUTSTN=MCX,0,20130802,11:17:32,33.100500000,91 000
RUBUTSTN=MCX,0,20130802,11:17:32,33.100000000,1 000 000
RUBUTSTN=MCX,0,20130802,11:17:33,33.098500000,1 000
RUBUTSTN=MCX,0,20130802,11:17:36,33.098500000,6 000
RUBUTSTN=MCX,0,20130802,11:17:36,33.098500000,1 000
RUBUTSTN=MCX,0,20130802,11:17:36,33.098500000,3 000
RUBUTSTN=MCX,0,20130802,11:17:36,33.098500000,2 000
RUBUTSTN=MCX,0,20130802,11:17:36,33.098500000,2 000
RUBUTSTN=MCX,0,20130802,11:17:36,33.098500000,1 000
RUBUTSTN=MCX,0,20130802,11:17:36,33.098500000,6 000
RUBUTSTN=MCX,0,20130802,11:17:36,33.098500000,3 000
RUBUTSTN=MCX,0,20130802,11:17:36,33.098500000,3 000
RUBUTSTN=MCX,0,20130802,11:17:36,33.098500000,12 000
RUBUTSTN=MCX,0,20130802,11:17:36,33.098500000,1 000
RUBUTSTN=MCX,0,20130802,11:17:36,33.098500000,3 000
RUBUTSTN=MCX,0,20130802,11:17:36,33.098500000,21 000
RUBUTSTN=MCX,0,20130802,11:17:36,33.098500000,7 000
RUBUTSTN=MCX,0,20130802,11:17:36,33.098500000,1 000
RUBUTSTN=MCX,0,20130802,11:17:36,33.098500000,1 000
RUBUTSTN=MCX,0,20130802,11:17:38,33.098000000,1 000
RUBUTSTN=MCX,0,20130802,11:17:38,33.098000000,21 000
RUBUTSTN=MCX,0,20130802,11:17:38,33.098000000,66 000
RUBUTSTN=MCX,0,20130802,11:17:38,33.098000000,1 000
RUBUTSTN=MCX,0,20130802,11:17:38,33.098000000,3 000
RUBUTSTN=MCX,0,20130802,11:17:38,33.098000000,2 000
RUBUTSTN=MCX,0,20130802,11:17:38,33.098000000,1 000
RUBUTSTN=MCX,0,20130802,11:17:47,33.100500000,107 000
RUBUTSTN=MCX,0,20130802,11:17:55,33.100000000,11 000
RUBUTSTN=MCX,0,20130802,11:17:56,33.100000000,91 000
RUBUTSTN=MCX,0,20130802,11:17:56,33.100000000,398 000
RUBUTSTN=MCX,0,20130802,11:18:03,33.102000000,35 000
RUBUTSTN=MCX,0,20130802,11:18:03,33.100500000,300 000
RUBUTSTN=MCX,0,20130802,11:18:03,33.099500000,500 000
RUBUTSTN=MCX,0,20130802,11:18:03,33.099000000,2 000
RUBUTSTN=MCX,0,20130802,11:18:03,33.099000000,2 000
RUBUTSTN=MCX,0,20130802,11:18:03,33.099000000,2 000
RUBUTSTN=MCX,0,20130802,11:18:03,33.099000000,2 000
RUBUTSTN=MCX,0,20130802,11:18:03,33.099000000,2 000
RUBUTSTN=MCX,0,20130802,11:18:03,33.099000000,2 000
RUBUTSTN=MCX,0,20130802,11:18:03,33.099000000,2 000
RUBUTSTN=MCX,0,20130802,11:18:03,33.099000000,2 000
RUBUTSTN=MCX,0,20130802,11:18:03,33.099000000,2 000
RUBUTSTN=MCX,0,20130802,11:18:03,33.099000000,2 000
RUBUTSTN=MCX,0,20130802,11:18:03,33.099000000,2 000
RUBUTSTN=MCX,0,20130802,11:18:03,33.098500000,200 000
RUBUTSTN=MCX,0,20130802,11:18:03,33.098500000,107 000
RUBUTSTN=MCX,0,20130802,11:18:03,33.098000000,500 000
RUBUTSTN=MCX,0,20130802,11:18:03,33.097500000,300 000
RUBUTSTN=MCX,0,20130802,11:18:03,33.097500000,35 000
RUBUTSTN=MCX,0,20130802,11:18:03,33.097500000,1 000 000
RUBUTSTN=MCX,0,20130802,11:18:03,33.100500000,2 000
RUBUTSTN=MCX,0,20130802,11:18:03,33.098000000,200 000
RUBUTSTN=MCX,0,20130802,11:18:03,33.098000000,200 000
RUBUTSTN=MCX,0,20130802,11:18:03,33.097500000,400 000
RUBUTSTN=MCX,0,20130802,11:18:03,33.097500000,200 000
RUBUTSTN=MCX,0,20130802,11:18:06,33.100000000,500 000
RUBUTSTN=MCX,0,20130802,11:18:12,33.099500000,1 000
RUBUTSTN=MCX,0,20130802,11:18:15,33.100000000,2 000 000
RUBUTSTN=MCX,0,20130802,11:18:15,33.100500000,162 000
RUBUTSTN=MCX,0,20130802,11:18:29,33.100000000,500 000
RUBUTSTN=MCX,0,20130802,11:18:45,33.099500000,15 000
RUBUTSTN=MCX,0,20130802,11:18:45,33.100000000,81 000
RUBUTSTN=MCX,0,20130802,11:18:50,33.100000000,61 000
RUBUTSTN=MCX,0,20130802,11:18:53,33.098500000,6 000
RUBUTSTN=MCX,0,20130802,11:18:54,33.098500000,1 000
RUBUTSTN=MCX,0,20130802,11:18:55,33.100000000,97 000
RUBUTSTN=MCX,0,20130802,11:18:55,33.100000000,1 000
RUBUTSTN=MCX,0,20130802,11:18:59,33.099500000,200 000
RUBUTSTN=MCX,0,20130802,11:18:59,33.099500000,150 000
RUBUTSTN=MCX,0,20130802,11:19:00,33.099000000,1 000
RUBUTSTN=MCX,0,20130802,11:19:00,33.098000000,1 000
RUBUTSTN=MCX,0,20130802,11:19:01,33.098000000,1 000
RUBUTSTN=MCX,0,20130802,11:19:01,33.098000000,1 000
RUBUTSTN=MCX,0,20130802,11:19:01,33.098000000,2 000
RUBUTSTN=MCX,0,20130802,11:19:01,33.098000000,1 000
RUBUTSTN=MCX,0,20130802,11:19:02,33.097500000,1 000
RUBUTSTN=MCX,0,20130802,11:19:05,33.097500000,1 000
RUBUTSTN=MCX,0,20130802,11:19:17,33.097500000,1 000
RUBUTSTN=MCX,0,20130802,11:19:17,33.096000000,200 000
RUBUTSTN=MCX,0,20130802,11:19:17,33.096000000,25 000
RUBUTSTN=MCX,0,20130802,11:19:17,33.096000000,219 000
RUBUTSTN=MCX,0,20130802,11:19:17,33.095500000,3 000 000
RUBUTSTN=MCX,0,20130802,11:19:17,33.095000000,1 500 000
RUBUTSTN=MCX,0,20130802,11:19:17,33.095000000,500 000
RUBUTSTN=MCX,0,20130802,11:19:17,33.095000000,367 000
RUBUTSTN=MCX,0,20130802,11:19:17,33.094500000,838 000
RUBUTSTN=MCX,0,20130802,11:19:17,33.095500000,500 000
RUBUTSTN=MCX,0,20130802,11:19:17,33.095500000,500 000
RUBUTSTN=MCX,0,20130802,11:19:30,33.097000000,1 000
RUBUTSTN=MCX,0,20130802,11:19:36,33.097000000,1 000
RUBUTSTN=MCX,0,20130802,11:19:36,33.097000000,29 000
RUBUTSTN=MCX,0,20130802,11:19:37,33.095000000,1 000
RUBUTSTN=MCX,0,20130802,11:19:37,33.095000000,999 000
RUBUTSTN=MCX,0,20130802,11:19:43,33.095000000,1 000
RUBUTSTN=MCX,0,20130802,11:19:43,33.095000000,600 000
RUBUTSTN=MCX,0,20130802,11:19:43,33.095000000,29 000
RUBUTSTN=MCX,0,20130802,11:19:47,33.096000000,200 000
RUBUTSTN=MCX,0,20130802,11:19:47,33.096000000,800 000
RUBUTSTN=MCX,0,20130802,11:19:47,33.096000000,200 000
RUBUTSTN=MCX,0,20130802,11:19:47,33.096000000,167 000
RUBUTSTN=MCX,0,20130802,11:19:47,33.096000000,200 000
RUBUTSTN=MCX,0,20130802,11:19:47,33.094500000,286 000
RUBUTSTN=MCX,0,20130802,11:19:47,33.095000000,800 000
RUBUTSTN=MCX,0,20130802,11:19:48,33.096000000,1 000
RUBUTSTN=MCX,0,20130802,11:19:59,33.094500000,14 000
RUBUTSTN=MCX,0,20130802,11:20:02,33.096000000,1 000
RUBUTSTN=MCX,0,20130802,11:20:02,33.096000000,1 000
RUBUTSTN=MCX,0,20130802,11:20:02,33.096000000,4 000
RUBUTSTN=MCX,0,20130802,11:20:02,33.096000000,57 000
RUBUTSTN=MCX,0,20130802,11:20:02,33.096000000,39 000
RUBUTSTN=MCX,0,20130802,11:20:04,33.097000000,1 000
RUBUTSTN=MCX,0,20130802,11:20:04,33.097000000,50 000
RUBUTSTN=MCX,0,20130802,11:20:04,33.097500000,2 000 000
RUBUTSTN=MCX,0,20130802,11:20:13,33.095500000,3 000
RUBUTSTN=MCX,0,20130802,11:20:13,33.096000000,1 000
RUBUTSTN=MCX,0,20130802,11:20:17,33.098500000,37 000
RUBUTSTN=MCX,0,20130802,11:20:26,33.095000000,4 000
RUBUTSTN=MCX,0,20130802,11:20:38,33.095000000,37 000
RUBUTSTN=MCX,0,20130802,11:20:42,33.094500000,794 000
RUBUTSTN=MCX,0,20130802,11:20:42,33.094500000,525 000
RUBUTSTN=MCX,0,20130802,11:20:42,33.094500000,1 438 000
RUBUTSTN=MCX,0,20130802,11:20:42,33.094500000,1 500 000
RUBUTSTN=MCX,0,20130802,11:20:42,33.094500000,713 000
RUBUTSTN=MCX,0,20130802,11:20:42,33.094500000,719 000
RUBUTSTN=MCX,0,20130802,11:20:42,33.094500000,102 000
RUBUTSTN=MCX,0,20130802,11:20:42,33.094500000,401 000
RUBUTSTN=MCX,0,20130802,11:20:42,33.094500000,341 000
RUBUTSTN=MCX,0,20130802,11:20:42,33.094500000,750 000
RUBUTSTN=MCX,0,20130802,11:20:42,33.094500000,51 000
RUBUTSTN=MCX,0,20130802,11:20:42,33.094500000,301 000
RUBUTSTN=MCX,0,20130802,11:20:42,33.094500000,334 000
RUBUTSTN=MCX,0,20130802,11:20:42,33.094500000,58 000
RUBUTSTN=MCX,0,20130802,11:20:42,33.094500000,301 000
RUBUTSTN=MCX,0,20130802,11:20:44,33.094500000,200 000
RUBUTSTN=MCX,0,20130802,11:20:44,33.095000000,10 000
RUBUTSTN=MCX,0,20130802,11:20:46,33.095000000,51 000
RUBUTSTN=MCX,0,20130802,11:20:48,33.094500000,177 000
RUBUTSTN=MCX,0,20130802,11:20:49,33.094500000,2 000
RUBUTSTN=MCX,0,20130802,11:20:49,33.094500000,2 000
RUBUTSTN=MCX,0,20130802,11:20:54,33.094500000,33 000
RUBUTSTN=MCX,0,20130802,11:20:56,33.094500000,120 000
RUBUTSTN=MCX,0,20130802,11:20:56,33.094500000,1 000
RUBUTSTN=MCX,0,20130802,11:20:56,33.095500000,2 000
RUBUTSTN=MCX,0,20130802,11:21:04,33.095500000,200 000
RUBUTSTN=MCX,0,20130802,11:21:04,33.096000000,36 000
RUBUTSTN=MCX,0,20130802,11:21:04,33.096000000,400 000
RUBUTSTN=MCX,0,20130802,11:21:04,33.097000000,76 000
RUBUTSTN=MCX,0,20130802,11:21:04,33.097000000,25 000
RUBUTSTN=MCX,0,20130802,11:21:04,33.097000000,600 000
RUBUTSTN=MCX,0,20130802,11:21:04,33.097500000,500 000
RUBUTSTN=MCX,0,20130802,11:21:04,33.097500000,500 000
RUBUTSTN=MCX,0,20130802,11:21:04,33.097500000,143 000
RUBUTSTN=MCX,0,20130802,11:21:04,33.097500000,1 000 000
RUBUTSTN=MCX,0,20130802,11:21:04,33.097500000,445 000
RUBUTSTN=MCX,0,20130802,11:21:04,33.098000000,25 000
RUBUTSTN=MCX,0,20130802,11:21:04,33.098000000,175 000
RUBUTSTN=MCX,0,20130802,11:21:04,33.097500000,800 000
RUBUTSTN=MCX,0,20130802,11:21:04,33.098500000,445 000
RUBUTSTN=MCX,0,20130802,11:21:04,33.098500000,25 000
RUBUTSTN=MCX,0,20130802,11:21:04,33.098500000,175 000
RUBUTSTN=MCX,0,20130802,11:21:04,33.098500000,25 000
RUBUTSTN=MCX,0,20130802,11:21:04,33.097500000,770 000
RUBUTSTN=MCX,0,20130802,11:21:04,33.098500000,175 000
RUBUTSTN=MCX,0,20130802,11:21:05,33.098000000,330 000
RUBUTSTN=MCX,0,20130802,11:21:10,33.097500000,1 321 000
RUBUTSTN=MCX,0,20130802,11:21:16,33.098000000,500 000
RUBUTSTN=MCX,0,20130802,11:21:16,33.097500000,9 500 000
RUBUTSTN=MCX,0,20130802,11:21:21,33.097500000,5 000 000
RUBUTSTN=MCX,0,20130802,11:21:22,33.097500000,1 000
RUBUTSTN=MCX,0,20130802,11:21:30,33.097500000,425 000
RUBUTSTN=MCX,0,20130802,11:21:36,33.097500000,5 000 000
RUBUTSTN=MCX,0,20130802,11:21:39,33.098000000,19 000
RUBUTSTN=MCX,0,20130802,11:21:39,33.098000000,5 000
RUBUTSTN=MCX,0,20130802,11:21:39,33.098000000,5 000
RUBUTSTN=MCX,0,20130802,11:21:39,33.098000000,5 000
RUBUTSTN=MCX,0,20130802,11:21:39,33.098000000,5 000
RUBUTSTN=MCX,0,20130802,11:21:39,33.098500000,27 000
RUBUTSTN=MCX,0,20130802,11:21:39,33.098500000,11 000
RUBUTSTN=MCX,0,20130802,11:21:39,33.098500000,11 000
RUBUTSTN=MCX,0,20130802,11:21:47,33.097500000,2 000
RUBUTSTN=MCX,0,20130802,11:21:47,33.097500000,2 000
RUBUTSTN=MCX,0,20130802,11:21:48,33.097500000,132 000
RUBUTSTN=MCX,0,20130802,11:21:48,33.097500000,122 000
RUBUTSTN=MCX,0,20130802,11:21:48,33.097500000,1 000
RUBUTSTN=MCX,0,20130802,11:21:48,33.095500000,140 000
RUBUTSTN=MCX,0,20130802,11:21:48,33.095000000,1 322 000
RUBUTSTN=MCX,0,20130802,11:21:48,33.095000000,234 000
RUBUTSTN=MCX,0,20130802,11:21:48,33.095000000,1 270 000
RUBUTSTN=MCX,0,20130802,11:21:48,33.095000000,396 000
RUBUTSTN=MCX,0,20130802,11:21:49,33.095000000,1 322 000
RUBUTSTN=MCX,0,20130802,11:21:49,33.095000000,254 000
RUBUTSTN=MCX,0,20130802,11:21:49,33.095000000,202 000
RUBUTSTN=MCX,0,20130802,11:21:49,33.095000000,44 000
RUBUTSTN=MCX,0,20130802,11:21:49,33.095000000,1 000
RUBUTSTN=MCX,0,20130802,11:21:49,33.095000000,1 000
RUBUTSTN=MCX,0,20130802,11:21:49,33.095000000,97 000
RUBUTSTN=MCX,0,20130802,11:21:51,33.095500000,1 000
RUBUTSTN=MCX,0,20130802,11:21:51,33.095500000,1 000
RUBUTSTN=MCX,0,20130802,11:21:51,33.095000000,68 000
RUBUTSTN=MCX,0,20130802,11:21:51,33.095000000,15 000
RUBUTSTN=MCX,0,20130802,11:21:52,33.095000000,68 000
RUBUTSTN=MCX,0,20130802,11:21:54,33.095500000,3 000
RUBUTSTN=MCX,0,20130802,11:21:55,33.095000000,4 000
RUBUTSTN=MCX,0,20130802,11:21:57,33.095000000,33 000
RUBUTSTN=MCX,0,20130802,11:21:58,33.095000000,47 000
RUBUTSTN=MCX,0,20130802,11:22:01,33.095000000,4 668 000
RUBUTSTN=MCX,0,20130802,11:22:01,33.095000000,1 000
RUBUTSTN=MCX,0,20130802,11:22:03,33.093000000,30 000
RUBUTSTN=MCX,0,20130802,11:22:03,33.093000000,1 000
RUBUTSTN=MCX,0,20130802,11:22:03,33.092500000,9 000
RUBUTSTN=MCX,0,20130802,11:22:06,33.092500000,4 000
RUBUTSTN=MCX,0,20130802,11:22:06,33.093000000,10 000
RUBUTSTN=MCX,0,20130802,11:22:08,33.093000000,1 000
RUBUTSTN=MCX,0,20130802,11:22:08,33.093000000,1 000
RUBUTSTN=MCX,0,20130802,11:22:08,33.093000000,49 000
RUBUTSTN=MCX,0,20130802,11:22:08,33.094000000,33 000
RUBUTSTN=MCX,0,20130802,11:22:11,33.093000000,31 000
RUBUTSTN=MCX,0,20130802,11:22:12,33.093000000,469 000
RUBUTSTN=MCX,0,20130802,11:22:13,33.092500000,42 000
RUBUTSTN=MCX,0,20130802,11:22:20,33.093000000,1 000
RUBUTSTN=MCX,0,20130802,11:22:20,33.092500000,31 000
RUBUTSTN=MCX,0,20130802,11:22:22,33.093000000,1 000
RUBUTSTN=MCX,0,20130802,11:22:25,33.093000000,82 000
RUBUTSTN=MCX,0,20130802,11:22:25,33.092500000,6 000
RUBUTSTN=MCX,0,20130802,11:22:32,33.092500000,250 000
RUBUTSTN=MCX,0,20130802,11:22:32,33.092500000,49 000
RUBUTSTN=MCX,0,20130802,11:22:32,33.093000000,95 000
RUBUTSTN=MCX,0,20130802,11:22:33,33.093000000,352 000
RUBUTSTN=MCX,0,20130802,11:22:33,33.093000000,3 000
RUBUTSTN=MCX,0,20130802,11:22:33,33.093000000,5 000
RUBUTSTN=MCX,0,20130802,11:22:33,33.093000000,10 000
RUBUTSTN=MCX,0,20130802,11:22:33,33.093000000,12 000
RUBUTSTN=MCX,0,20130802,11:22:33,33.093000000,12 000
RUBUTSTN=MCX,0,20130802,11:22:33,33.093000000,2 000
RUBUTSTN=MCX,0,20130802,11:22:33,33.093000000,1 000
RUBUTSTN=MCX,0,20130802,11:22:33,33.093000000,1 000
RUBUTSTN=MCX,0,20130802,11:22:33,33.093000000,19 000
RUBUTSTN=MCX,0,20130802,11:22:33,33.093000000,3 000
RUBUTSTN=MCX,0,20130802,11:22:33,33.093500000,109 000
RUBUTSTN=MCX,0,20130802,11:22:34,33.093500000,72 000
RUBUTSTN=MCX,0,20130802,11:22:34,33.093500000,10 000
RUBUTSTN=MCX,0,20130802,11:22:34,33.093500000,3 000
RUBUTSTN=MCX,0,20130802,11:22:34,33.093500000,11 000
RUBUTSTN=MCX,0,20130802,11:22:34,33.093500000,16 000
RUBUTSTN=MCX,0,20130802,11:22:40,33.095500000,6 000
RUBUTSTN=MCX,0,20130802,11:22:42,33.095500000,26 000
RUBUTSTN=MCX,0,20130802,11:22:43,33.095500000,10 000
RUBUTSTN=MCX,0,20130802,11:22:44,33.095500000,31 000
RUBUTSTN=MCX,0,20130802,11:22:45,33.096000000,14 000
RUBUTSTN=MCX,0,20130802,11:22:45,33.096000000,14 000
RUBUTSTN=MCX,0,20130802,11:22:45,33.096000000,14 000
RUBUTSTN=MCX,0,20130802,11:22:45,33.095500000,108 000
RUBUTSTN=MCX,0,20130802,11:22:47,33.093500000,1 000
RUBUTSTN=MCX,0,20130802,11:22:47,33.093000000,9 000
RUBUTSTN=MCX,0,20130802,11:22:51,33.093000000,491 000
RUBUTSTN=MCX,0,20130802,11:22:51,33.093000000,9 000
RUBUTSTN=MCX,0,20130802,11:23:08,33.093000000,1 000
RUBUTSTN=MCX,0,20130802,11:23:08,33.092500000,4 000
RUBUTSTN=MCX,0,20130802,11:23:27,33.095500000,6 000
RUBUTSTN=MCX,0,20130802,11:23:47,33.093000000,1 000
RUBUTSTN=MCX,0,20130802,11:23:49,33.092500000,11 000
RUBUTSTN=MCX,0,20130802,11:23:53,33.093000000,91 000
RUBUTSTN=MCX,0,20130802,11:23:53,33.093000000,308 000
RUBUTSTN=MCX,0,20130802,11:23:53,33.093000000,2 000
RUBUTSTN=MCX,0,20130802,11:24:09,33.093000000,4 000
